1624 2904
375 211 380 224 ..
441 162 499 206 1N
530 126 1016 205 uumrFaRONaM.
1098 154 1103 157 ’
1321 158 1409 199 139

69 282 168 324 tiam
194 281 400 330 subiecta,
429 279 488 320 ita
516 276 700 331 quidem,
727 279 774 315 ut
804 279 994 316 cernatur
1020 276 1061 316 in
1100 274 1237 315 debita
1274 286 1413 314 rerum

71 341 288 380 divinarum
316 351 425 386 cura,
454 349 531 389 per
559 339 674 388 quam
704 333 876 373 «lixanum
908 334 1069 386 aliquod
1099 333 1308 372 consilium
1338 331 1414 370 ad-
1449 362 1452 366 .

69 399 230 439 iuvetur
265 401 308 436 et
346 394 605 448 provehatur.
671 391 753 431 Sed
788 392 974 430 nimirum
1015 391 1117 430 haec
1155 391 1287 429 omnia
1316 389 1416 428 licet

71 469 95 495 a
130 455 299 495 Socrate
334 466 414 493 non
447 453 507 492 ita
544 451 717 490 obscure
751 449 1054 501 significentur,
1091 451 1226 487 tamen
1256 448 1304 486 ab
1329 446 1419 485 Eu-

72 512 306 565 thyphrone
343 510 444 550 adeo
481 520 560 548 non
588 506 894 559 intelliguntur,
929 510 977 546 ut
1003 507 1039 545 is
1069 505 1215 545 iterum
1244 505 1419 544 iterum-

73 583 153 622 que
181 570 229 609 ad
257 569 365 620 vulgi
394 565 727 618 superstitionem
756 564 973 606 relabatur.
1029 562 1174 614 Neque
1198 573 1294 601 vero
1319 559 1422 600 illud

74 627 343 679 significatur,
384 623 582 676 quodnam
620 621 789 660 deorum
830 621 1040 661 consilium
1071 621 1147 670 sit,
1191 618 1297 671 quod
1327 620 1422 670 pie-

73 689 162 726 tate
190 686 496 736 promoveatur,
525 679 598 718 sed
625 683 888 731 posteaquam
919 691 969 718 eo
997 681 1235 730 perventum
1265 680 1344 724 est,
1377 678 1422 714 ut

75 742 155 782 hoc
178 743 310 794 ipsum
327 737 613 790 exquirendum
645 737 713 786 sit,
742 736 987 788 Euthyphro
1017 747 1092 787 pro
1123 747 1195 774 sua
1225 733 1423 786 sapientia

76 800 209 838 omnia
235 798 286 837 ad
313 808 480 848 precum
509 798 553 835 et
582 794 870 833 sacrificiorum
901 794 1070 845 gratiam
1113 792 1249 832 refert
1290 802 1424 842 eoque

74 857 166 909 ipso
203 855 474 901 testificatur,
512 864 560 891 se
598 851 832 890 Socraticae
870 851 1079 890 doctrinae
1115 850 1193 888 vim
1227 853 1269 887 et
1298 850 1424 887 ratio-

74 926 168 954 nem
207 924 358 964 capere
391 909 696 961 haudquaquam
735 920 872 960 posse.
939 900 1172 959 Quanqiiam
1221 906 1338 945 Plato
1387 906 1424 945 si

75 970 273 1010 voluisset
314 969 550 1008 institutam.
579 967 856 1018 quaestionem
885 965 936 1004 ad
962 966 1084 1004 finem
1113 976 1242 1016 usque
1270 963 1427 1016 perdu-

78 1039 198 1077 cere,
238 1026 339 1066 nihil
375 1024 482 1064 aliud
517 1036 634 1074 quam
674 1024 820 1063 bonum
859 1024 944 1063 sive
981 1023 1076 1064 boni
1115 1022 1246 1062 ideam
1286 1034 1310 1060 a
1350 1021 1426 1060 diis

78 1085 257 1138 spectari
285 1083 393 1123 haud
423 1082 542 1121 dubie
573 1086 810 1120 ostensurus
839 1080 987 1120 fuerat.
1053 1079 1099 1118 Id
1136 1079 1243 1132 quod
1280 1091 1427 1117 unum-

79 1154 282 1194 quemque
312 1141 409 1180 satis
439 1139 667 1178 edocebunt
695 1151 797 1190 quae
826 1138 932 1177 libro
969 1137 1021 1179 X.
1060 1136 1216 1189 Legum
1253 1141 1427 1175 exeunte

81 1204 126 1239 et
161 1200 201 1238 in
232 1199 401 1238 Timaeo
440 1208 522 1236 non
547 1208 626 1234 uno
657 1195 748 1234 loco
779 1196 1045 1235 disseruntur.
1082 1197 1160 1235 -At
1190 1195 1296 1233 enim
1325 1205 1424 1232 vero

80 1257 292 1309 quominus
330 1255 445 1298 Plato
473 1254 575 1293 haec
604 1265 709 1291 nunc
737 1257 1060 1305 persequeretur
1087 1252 1320 1304 copiosiore
1347 1250 1430 1289 dis-

79 1314 315 1367 putatione,
355 1311 567 1364 prohibuit
614 1309 722 1349 haud
779 1310 900 1350 dubie
951 1309 1132 1348 Socratis
1181 1307 1430 1347 defendendi

82 1370 315 1418 consilium,
350 1367 458 1420 quod
499 1380 589 1407 cum
625 1371 714 1406 tota
750 1367 827 1406 hac
868 1366 1092 1418 scriptione
1131 1371 1220 1405 arte
1258 1378 1429 1417 prorsus

84 1428 228 1467 eximia
269 1427 523 1465 coniunctum
561 1437 656 1464 esse
683 1424 822 1465 voluit.
880 1424 999 1474 Quod
1028 1425 1132 1463 enim
1161 1423 1431 1475 Euthyphro-

83 1486 146 1526 nis
183 1485 235 1523 de
274 1484 428 1535 pietate
467 1483 676 1534 opiniones
712 1481 970 1531 refutantur,
1006 1482 1232 1520 interiectis
1265 1482 1431 1532 quibus-

84 1542 176 1582 dam
209 1553 337 1584 verae,
367 1540 534 1579 rationis
574 1539 759 1587 indiciis,
798 1541 978 1591 pertinet
1004 1538 1104 1577 illud
1133 1538 1253 1578 simul
1281 1551 1355 1588 eo,
1385 1541 1432 1578 ut

7 1633 13 1635 ,
84 1599 276 1638 Socrates
315 1598 365 1636 ab
403 1597 624 1648 impietatis
662 1597 828 1636 crimine
865 1610 888 1635 a
927 1596 1088 1636 Meleto
1126 1596 1168 1635 in
1203 1609 1294 1635 eum
1332 1608 1431 1635 con-

82 1657 193 1697 iecto
229 1654 470 1694 defendatur
507 1654 943 1704 atque1Athe1iienses
979 1653 1217 1693 ostendatur
1249 1665 1328 1693 non
1351 1646 1432 1693 xeos

85 1726 202 1762 esse,
232 1714 322 1765 qui,
351 1713 428 1751 nisi
457 1711 508 1750 de
539 1723 678 1749 errore
707 1723 780 1749 suo
810 1715 1069 1759 moneantur,
1110 1710 1161 1748 de
1187 1711 1273 1749 eius
1313 1724 1434 1750 causa

85 1771 127 1810 in
153 1770 341 1809 iudicium
371 1768 544 1807 deducta
570 1772 686 1807 recte
712 1768 892 1807 iudicare
921 1772 1080 1820 queant.
1148 1767 1267 1818 Quod
1295 1769 1435 1807 oonsi-

88 1828 185 1867 lium
215 1828 250 1866 si
279 1825 526 1878 philosopho
557 1826 677 1864 simul
706 1826 757 1865 ob
791 1826 930 1865 oculos
963 1830 1028 1865 est
1054 1830 1281 1874 versatum,
1309 1826 1434 1865 facile

89 1883 353 1935 intelligitur,
400 1896 472 1922 cur
517 1883 649 1934 plebis
698 1884 1029 1935 superstitionem
1079 1887 1122 1921 et
1167 1884 1434 1934 ignorantiam

92 1941 252 1994 quidem
290 1944 431 1979 notare
469 1952 600 1990 neque
636 1951 732 1977 vero
774 1953 876 1991 quae
915 1953 938 1979 e
978 1941 1183 1979 Socratica
1223 1940 1435 1992 disciplina

91 2011 188 2036 vera
214 1997 446 2037 viderentur
475 1996 597 2048 plene
626 2002 893 2048 accurateque
930 1998 1133 2048 explicare
1163 1999 1436 2041 constituerit.

93 2055 310 2095 Pertinere
338 2058 471 2092 autem
498 2053 604 2092 hunc
633 2053 779 2093 librum
810 2066 882 2104 eo,
910 2059 957 2093 ut
987 2055 1177 2093 Socrates
1208 2056 1256 2093 ab
1287 2057 1436 2107 impie-

93 2113 191 2151 tatis
235 2112 403 2150 crimine
441 2111 483 2148 in
522 2122 612 2148 eum
661 2112 845 2150 coniecto
882 2111 1080 2151 liberetur
1119 2112 1436 2165 ostendaturque

92 2169 391 2216 Athenienses,
420 2167 512 2218 quia
537 2167 691 2219 vulgari
720 2170 1009 2220 superstitione
1039 2169 1281 2220 obligentur,
1305 2183 1438 2222 neque

94 2226 143 2265 ad
172 2225 378 2264 doctrinae
409 2224 663 2273 Socraticae,
692 2225 771 2264 hoc
800 2230 864 2264 est
892 2227 1139 2279 philosopho
1169 2227 1344 2278 dignae,
1373 2229 1438 2267 al-

93 2283 308 2323 titudinem
347 2287 391 2321 et
429 2283 710 2333 praestantiam
750 2284 903 2324 animos
950 2284 1141 2322 attollere
1178 2289 1348 2335 queant,
1385 2286 1438 2325 de

95 2340 167 2380 tali
206 2352 326 2379 causa
360 2344 477 2378 recte
515 2339 691 2378 iudicare
726 2341 790 2379 vix
820 2354 965 2392 posse,
995 2341 1036 2381 id
1067 2341 1227 2392 quidem
1254 2342 1439 2382 luculen-

95 2398 252 2437 tissime
281 2409 330 2436 ex
361 2408 410 2435 eo
440 2400 622 2447 apparet,
653 2397 759 2448 quod
785 2399 1048 2438 accusationis
1078 2398 1263 2449 publicae
1289 2412 1312 2444 a
1340 2400 1440 2439 Me-

97 2454 184 2494 leto
225 2452 440 2505 susceptae
476 2466 594 2504 quum
633 2453 673 2492 in
713 2455 876 2494 exordio
916 2457 1010 2495 libri
1038 2460 1124 2494 tum
1153 2456 1241 2495 aliis
1270 2458 1311 2495 in
1335 2457 1439 2496 locis

99 2512 250 2550 mentio
286 2511 397 2549 facta
435 2515 513 2552 est.
575 2510 695 2567 ⁴Quod
730 2513 889 2563 quidem
926 2503 1150 2552 deliberato
1185 2514 1353 2553 consilio
1382 2516 1441 2553 ita

102 2568 330 2607 institutum
373 2580 467 2607 esse
512 2571 626 2606 certe
678 2581 796 2608 nemo
835 2574 993 2610 temere
1033 2570 1253 2620 dubitabit,
1291 2572 1358 2622 qui
1386 2584 1440 2609 ne

102 2625 239 2664 talium
276 2625 434 2676 quidem
473 2636 608 2663 rerum
664 2629 1083 2667 commemorationem
1130 2628 1232 2666 meri
1275 2631 1440 2666 ornatus

103 2682 242 2733 gratias
268 2683 359 2721 fieri
401 2682 620 2733 diligenter
658 2684 967 2727 observaverint.
1031 2685 1175 2736 Neque
1212 2684 1313 2722 nihil
1351 2697 1439 2723 mo-

104 2738 230 2778 menti
263 2738 314 2777 ad
351 2751 439 2778 eam
473 2751 561 2778 rem
598 2738 721 2790 facit,
751 2743 857 2794 quod
886 2742 1076 2782 Socrates
1102 2741 1441 2793 Euthyphronem
