1624 2904
274 151 359 193 146
719 151 1133 195 PROLEGOMENA

270 275 416 316 procax
456 262 774 305 adolescentulus
810 268 993 313 notatur,
1030 276 1109 315 quo
1145 265 1299 307 scilicet
1335 269 1455 309 etiam
1485 271 1582 311 reli-

271 333 438 371 quorum
477 324 748 360 accusatorum
785 322 1000 360 auctoritas
1038 325 1158 371 atque
1187 322 1355 374 dignitas
1385 325 1580 377 deprima-

269 381 348 415 tur.
416 375 506 414 Hoc
544 381 674 415 autem
715 378 850 427 ecquis
891 382 953 415 est
994 378 1060 426 qui
1088 378 1164 416 sihi
1193 381 1431 428 persuadeat
1458 383 1580 421 abso-

266 433 354 471 luto
382 432 525 470 iudicio
562 433 618 471 ita
645 434 823 484 potuisse
857 433 968 480 fieri,
1007 445 1084 482 quo
1113 437 1294 485 tempore
1322 449 1399 476 non
1411 442 1579 478 tantum

264 489 419 539 Anytus
458 492 501 527 et
540 488 671 540 Lyco,
711 489 782 527 sed
814 489 932 527 etiam
968 488 1146 527 Meletus
1196 493 1400 531 maximam
1444 494 1579 545 adepti

265 549 378 583 erant
405 545 570 582 nominis
604 545 909 583 celebritatem
964 544 1141 594 Apparet
1169 546 1289 596 igitur
1316 547 1394 587 hoc
1423 560 1580 600 quoque

261 601 420 639 nomine
450 600 576 652 longe
610 601 935 640 verisimillimum
975 600 1102 639 videri
1144 600 1292 642 debere
1332 604 1437 653 quod
1465 611 1580 645 antea

260 650 534 705 iudicavimus,
571 656 900 708 Euthyphronem
929 656 1118 706 scriptum
1147 669 1262 706 esse,
1291 670 1369 708 quo
1395 663 1579 711 tempore

260 713 435 751 Socratis
463 725 580 750 causa
607 725 685 751 non
714 712 921 751 admodum
946 711 1013 750 diu
1039 713 1079 751 in
1114 713 1299 753 iudicium
1327 714 1406 754 fuit
1433 716 1577 760 delata.

260 768 446 819 Suppetit
490 769 606 807 huius
652 769 877 807 sententiae
921 767 1039 807 etiam
1085 769 1249 809 tertium
1289 777 1577 822 argumentum.

259 824 361 864 Nam
397 825 576 862 mirabile
612 837 705 863 sane
748 828 880 873 esset,
922 825 956 863 si
993 822 1108 862 Plato
1131 823 1234 863 libro
1267 831 1359 876 post
1395 830 1576 879 magistri

257 880 545 919 damnationem
579 881 644 919 vel
681 880 914 931 supplicium
951 880 1102 929 scripto
1138 879 1308 920 iudicum
1325 886 1575 935 perversita-

255 941 341 976 tem
380 940 423 975 et
457 937 690 975 iniustitiam
728 949 779 975 ne
813 937 935 974 verbo
973 935 1131 985 quidem
1172 936 1402 977 notavisset.
1460 940 1576 1006 Quod

255 993 443 1044 profecto
480 1004 559 1032 non
594 992 716 1041 fecit,
751 993 829 1031 nisi
864 991 975 1031 forte
1009 991 1156 1056 aliquid
1184 993 1371 1034 tribueris
1399 995 1478 1034 illi.
1508 993 1574 1036 εὐ·-

257 1046 445 1101 &afflone
479 1063 533 1087 τα
573 1048 756 1088 τοιαῦτα
792 1042 902 1101 πρὸς
947 1041 1050 1093 τούς
1095 1045 1295 1096 πολλούς.
1365 1050 1449 1089 Imo
1495 1064 1574 1091 uno

257 1106 438 1155 exemplo
475 1103 799 1170 Euthyphronuis,
844 1104 939 1142 boni
980 1102 1137 1152 quidem
1182 1103 1353 1144 hominis
1401 1107 1575 1157 ideoque

254 1174 307 1200 ne
346 1161 500 1199 Socrati
537 1160 694 1210 quidem
733 1159 901 1206 inimici,
948 1159 1018 1198 sed
1066 1158 1243 1199 eiusdem
1290 1164 1574 1213 superstitiosi,

253 1217 341 1264 vel,
370 1221 415 1255 ut
441 1215 562 1254 hodie
589 1216 824 1265 loquuntur,
855 1214 1079 1262 orthodoxi,
1109 1215 1233 1264 qualis
1261 1216 1429 1256 Athenis
1454 1219 1573 1272 vulgo

256 1276 368 1312 esset
403 1273 607 1322 religionis
644 1272 843 1317 condicio,
882 1271 1085 1309 declarare
1127 1271 1312 1310 instituit.
1386 1273 1447 1313 Ex
1491 1287 1572 1325 quo

251 1330 366 1368 nobis
396 1329 550 1378 quidem
575 1328 792 1366 clarissime
822 1326 977 1364 videtur
1015 1323 1207 1376 apparere
1256 1327 1463 1369 Platonem
1491 1330 1571 1370 hoc

250 1397 370 1423 unum
406 1385 669 1435 spectavisse,
707 1387 750 1422 ut
779 1383 929 1421 iudices
958 1381 1285 1431 admonerentur,
1313 1397 1363 1423 ne
1391 1387 1571 1436 populari

250 1441 525 1491 superstitioni
560 1436 601 1479 in
632 1440 841 1477 sententiis
877 1438 1055 1477 ferendis
1083 1438 1171 1488 plus
1198 1439 1304 1478 iusto
1334 1442 1570 1485 tribuerent.

248 1498 360 1559 Quae
388 1508 504 1546 quum
544 1496 599 1535 ita
628 1496 728 1543 sint,
764 1495 867 1534 liber
896 1506 970 1542 eo,
1006 1505 1084 1544 quo
1112 1495 1433 1545 significavimus,
1460 1501 1570 1538 tem·-

249 1555 350 1604 pore
377 1553 550 1605 scriptus
581 1551 633 1592 sit
661 1563 845 1591 necesse
901 1549 1082 1600 Denique
1124 1551 1345 1590 universum
1382 1553 1475 1592 libri
1502 1567 1566 1593 ar-

247 1613 489 1661 gumentum,
517 1607 761 1656 maximeque
789 1620 849 1658 ea,
881 1618 981 1656 quae
1008 1606 1056 1644 ad
1085 1604 1262 1645 Socratis
1293 1607 1566 1650 defensionem

247 1669 451 1716 spectant,
479 1665 535 1702 ita
563 1667 786 1714 comparata
815 1667 927 1709 sunt,
957 1664 1002 1699 ut
1028 1665 1120 1711 post
1145 1661 1319 1701 Socratis
1350 1664 1567 1704 damnatio-

246 1733 336 1760 nem
363 1722 424 1758 vix
449 1721 504 1758 ita
532 1719 652 1757 scribi
677 1720 856 1768 'potuisse
884 1691 1101 1775 vi'gdeantur
1166 1716 1227 1756 De
1257 1730 1332 1768 qua
1359 1724 1489 1760 tamen
1515 1733 1564 1761 re

245 1780 291 1815 ut
345 1776 411 1814 hic
467 1774 673 1812 dilucidius
732 1785 993 1824 exponamus,
1048 1764 1151 1812 nunc
1196 1785 1274 1812 non
1328 1786 1442 1826 opus
1483 1781 1561 1821 est.

243 1833 345 1872 Nam
383 1842 498 1881 quum
537 1830 683 1868 ceteris
719 1830 959 1881 argumentis
1001 1826 1077 1867 iam
1105 1829 1201 1868 satis
1229 1830 1383 1870 firmata
1411 1833 1466 1871 sit
1487 1845 1564 1872 no-

243 1893 329 1928 stra
362 1887 573 1934 sententia,
611 1890 695 1924 tum
732 1886 810 1924 hoc
837 1886 966 1936 ipsum
994 1884 1102 1922 adeo
1128 1889 1192 1923 est
1218 1887 1491 1938 perspicuum,
1517 1893 1565 1929 ut

241 1945 319 1984 nisi
347 1955 547 1995 sperarem
575 1953 712 1980 causas
741 1942 825 1980 eius
854 1949 897 1980 et
922 1941 1097 1979 rationes
1124 1943 1217 1991 post
1246 1953 1315 1990 ea,
1344 1954 1444 1993 quae
1469 1948 1563 1984 ante

243 2001 350 2039 dicta
387 2003 500 2046 sunt,
543 1998 591 2036 ab
629 1998 726 2047 ipsis
762 1997 988 2048 legentibus
1029 1996 1139 2035 facili
1166 1998 1328 2055 negotio
1355 2005 1560 2050 repertum

241 2057 312 2104 iri,
357 2056 525 2107 ingeniis
575 2065 710 2092 eorum
745 2065 879 2104 parum
924 2052 1108 2092 modeste
1157 2043 1342 2093 diffidere
1388 2056 1559 2100 viderer.

241 2113 379 2162 ltaque
415 2110 668 2161 disputationi
704 2114 865 2148 nostrae
902 2110 1022 2148 finem
1057 2109 1194 2147 facere
1229 2109 1387 2159 licebit,
1435 2113 1556 2162 siqui-

239 2169 330 2206 dem
367 2180 466 2217 quae
504 2167 704 2217 pertinent
739 2165 787 2203 ad
824 2165 916 2204 libri
957 2169 1227 2216 argumentum
1265 2170 1307 2204 et
1336 2168 1556 2216 consilium,

239 2224 495 2272 eiusdemque
535 2234 622 2260 cum
657 2221 743 2259 aliis
781 2223 940 2274 scriptis
977 2221 1190 2260 Platonicis
1226 2223 1555 2266 necessitudinem

239 2283 283 2319 et
308 2279 644 2327 coniunctionem,
672 2277 768 2328 satis
798 2281 960 2331 copiose
989 2277 1182 2328 explicata
1209 2281 1311 2317 sunt.

610 2507 1177 2571 conl-cns,

347 2612 659 2653 Bodleianus
715 2623 749 2652 s.
800 2610 1117 2652 Clarkiasnus.
1172 2609 1544 2662 Tubingensis.

239 2670 612 2712 Coislinianus.
642 2666 840 2708 Veneti
869 2664 1124 2716 5J1.(nobis
1153 2666 1246 2706 olim
1274 2679 1309 2710 a.
1343 2665 1400 2720 b.)
1429 2669 1564 2709 Viuds
