1624 2904
244 162 304 209 ιε
694 160 1108 217 Puomsonmm

242 279 405 323 ceatur,
432 285 515 314 non
538 273 646 314 illam
674 275 839 315 scientia
868 275 940 314 sed
966 288 1042 314 una
1071 276 1297 327 opinatione
1335 280 1377 318 et
1413 278 1550 320 hario-

238 331 387 370 latione
415 331 488 370 niti
515 330 684 382 ideoque
711 343 760 370 ex
788 344 902 370 casus
921 334 962 370 et
990 331 1176 371 fortunae
1197 346 1429 385 suspensam
1457 349 1548 376 esse

240 388 428 426 arbitrio:
469 399 517 425 ex
554 399 631 438 quo
660 399 907 438 consequens
937 391 1024 435 est,
1052 392 1097 426 ut
1124 401 1147 427 a
1174 401 1269 428 vera
1294 390 1443 430 virtute
1473 405 1547 431 eo-

238 443 327 481 dem
355 443 562 482 intervallo
590 442 738 482 distare
767 443 1023 482 existimanda
1052 445 1118 492 sit,
1145 457 1223 495 quo
1251 446 1415 484 scientia
1444 445 1549 500 (ἑπι-

239 494 411 551 στήμ-η)
450 499 498 536 ab
535 499 730 549 opinionis
770 499 1026 537 fluctuatione
1066 495 1218 550 (δόξα)
1262 505 1327 540 est
1360 503 1549 547 seiuncta.

237 556 373 606 Atque
398 554 553 594 Platoni
578 555 655 593 hoc
677 556 731 593 ita
748 556 904 605 penitus
934 555 1061 595 fuisse
1090 568 1323 606 persuasum
1351 558 1414 596 vel
1446 571 1547 599 unus

237 611 308 650 ille
337 611 447 649 locus
466 609 527 648 De
546 610 718 660 Republ.
747 610 815 650 Vl.
838 623 877 661 p.
896 611 991 651 493.
1010 611 1058 652 A.
1074 611 1194 650 docet
1220 612 1549 664 luculentissime,

238 679 355 717 quem
385 667 451 716 qui
490 667 820 717 comparaverint,
857 665 886 704 ii
924 678 1109 717 quorsum
1148 667 1254 707 θεία
1298 669 1374 707 ista
1400 675 1550 724 μοῖρα,

238 735 339 773 quae
369 723 462 760 viris
490 722 619 760 doctis
648 727 726 761 tam
757 721 924 760 multum
952 723 1161 761 molestiae
1189 725 1357 771 creavit,
1386 726 1426 764 in
1454 726 1549 764 Me-

237 790 339 816 none
367 778 514 816 referri
534 778 687 825 debeat,
716 778 1012 827 haudquaquam
1041 778 1148 816 dubii
1175 778 1407 819 haerebunt.
1463 781 1551 820 Eo-

237 834 328 872 dem
358 835 535 883 pertinet
564 834 677 872 locus
715 833 873 872 Politici
902 846 941 883 p.
970 834 1065 872 3⁰9.
1095 834 1140 874 C.
1169 829 1247 884 τὴν
1286 835 1372 875 τῶν
1409 836 1551 877 καλῶν

237 890 311 930 καὶ
340 889 520 930 δικαίων
558 891 657 944 πέρι
692 889 764 929 καὶ
800 886 988 941 ἀγαθῶν
1017 890 1089 930 καὶ
1118 888 1203 929 τῶν
1231 885 1405 939 τούτοις
1433 894 1549 932 ἐναν-

235 947 340 986 τίων
382 940 519 995 ὅντως
559 939 695 985 οὖσαν
731 942 884 994 ἀληθῆ
922 940 1056 995 δόξαν
1112 940 1221 998 μετὰ
1266 943 1549 999 βεβαιώσεως,

237 996 404 1041 ὁπόταν
439 1003 484 1042 ἐν
516 1006 611 1048 ταῖς
649 1006 813 1056 ψυχαῖς
858 1002 1128 1054 ἐγγίγνηται,
1179 1001 1313 1042 θείαν
1352 1003 1470 1057 φημὶ
1504 1005 1550 1044 ἐν

237 1056 450 1110 δαιμονίῳ
480 1056 714 1110 γίγνεσθαι
741 1058 868 1111 γένει,

348 1135 477 1183 Quum
522 1145 617 1174 vero
653 1134 732 1176 hoc
773 1134 827 1174 sit
867 1133 1088 1185 principale
1124 1134 1213 1173 libri
1261 1140 1547 1186 argumentum,

237 1196 320 1230 tum
360 1190 478 1228 simul
524 1191 640 1228 etiam
682 1188 780 1228 illud
809 1189 1072 1240 significatur,
1107 1191 1292 1231 virtutem
1322 1192 1361 1229 in
1390 1192 1550 1232 honesti

238 1247 406 1286 scientia
443 1247 691 1294 consistere,
732 1257 897 1295 eamque
938 1245 1140 1283 scientiam
1167 1246 1207 1285 in
1235 1247 1383 1285 animos
1410 1248 1551 1286 huma-

236 1315 310 1342 nos
339 1302 561 1350 convenire,
589 1306 635 1342 ut
664 1301 730 1352 qui
761 1314 848 1339 eam
870 1301 911 1343 in
937 1301 1017 1338 vita
1043 1302 1251 1352 superiore
1278 1302 1482 1343 hauserint
1508 1308 1552 1343 et

239 1358 468 1408 acceperint
507 1370 542 1398 v.
572 1370 611 1408 p.
642 1357 708 1399 80,
738 1357 772 1395 Ε
794 1369 880 1407 sqq.
936 1357 1163 1407 Quanquam
1191 1357 1268 1398 hoc
1296 1360 1451 1411 quidem
1481 1359 1552 1398 de-

240 1420 395 1453 cretum
435 1425 508 1464 pro
538 1424 690 1454 summo
718 1414 924 1454 universae
965 1414 1191 1464 scriptionis
1222 1415 1410 1464 consilio,
1446 1416 1552 1467 quod

238 1483 317 1510 non
357 1473 437 1510 tam
473 1469 520 1509 ad
560 1469 803 1518 docendum,
841 1481 954 1520 quam
993 1469 1042 1506 ad
1077 1469 1387 1520 redarguendum
1424 1473 1551 1511 casti-

238 1526 485 1577 gandumque
524 1532 791 1575 comparatum
832 1525 1112 1572 estyminime
1151 1527 1360 1575 exponitur
1402 1532 1468 1565 aut
1497 1528 1552 1566 il-

240 1583 436 1621 lustratur
464 1581 535 1619 sed
566 1581 734 1619 obscure
770 1580 953 1631 proditur
982 1584 1023 1618 et
1059 1581 1169 1631 quasi
1210 1593 1283 1631 per
1322 1586 1551 1622 transennas

244 1638 490 1685 ostenditur,
519 1641 563 1677 ut
590 1637 651 1675 illi
679 1637 855 1684 demum,
885 1636 952 1687 qni
984 1635 1188 1676 doctrinae
1217 1636 1444 1676 Socraticae
1475 1651 1552 1677 no-

242 1695 332 1732 titia
368 1692 508 1734 imbuti
549 1697 663 1740 sunt,
698 1692 790 1743 quid
826 1692 886 1730 rei
919 1692 993 1745 sit,
1031 1693 1225 1747 suspicari
1262 1699 1406 1748 queant
1433 1700 1550 1747 atque

241 1749 385 1789 deinde
412 1749 491 1802 ipsi
518 1761 651 1790 verum
679 1748 873 1804 reperire.

351 1826 432 1867 Sed
472 1838 549 1877 quo
586 1827 742 1866 facilius
782 1826 911 1880 possit
946 1824 1111 1864 iudicari
1145 1826 1193 1864 ab
1230 1826 1429 1874 omnibus,
1473 1838 1550 1878 quo

241 1883 329 1923 iure
363 1884 418 1923 ita
455 1882 506 1920 de
547 1882 637 1920 libri
674 1885 906 1934 argumento
944 1885 985 1926 et
1021 1883 1230 1932 proposito
1266 1883 1551 1930 existimemus,

241 1951 316 1990 age
345 1938 650 1990 disputationem
676 1940 716 1976 in
745 1951 794 1976 eo
824 1937 1054 1988 explicatam
1091 1938 1131 1976 in
1158 1939 1315 1979 brevius
1344 1939 1551 1978 contraha-

242 2007 330 2037 mus
358 1999 479 2050 atque
506 2007 581 2050 per
609 1995 782 2048 singulas
814 1999 949 2049 partes
982 2006 1280 2045 persequamur.

350 2083 485 2125 Habet
521 2083 641 2134 igitur
676 2083 778 2122 liber
815 2082 911 2121 duas
944 2086 1078 2133 partes
1115 2083 1342 2133 primarias,
1386 2095 1549 2134 quarum

241 2152 316 2178 una
353 2140 619 2189 sophistarum
656 2139 729 2177 filii
766 2140 966 2190 privantur
998 2139 1155 2179 virtutis
1196 2139 1379 2186 scientim
1423 2139 1549 2179 altera

242 2195 466 2235 ostenditur
502 2208 576 2237 nec
611 2195 798 2248 politicos
833 2195 939 2234 viros
974 2195 1015 2236 in
1052 2195 1219 2236 colenda
1255 2195 1550 2246 exercendaque

185 2248 187 2259 ¹
228 2253 409 2300 virtute,
459 2264 558 2302 quae
602 2252 717 2303 unice
762 2250 811 2292 ad
849 2254 1050 2292 externam
1085 2251 1297 2292 utilitatem
1333 2250 1549 2300 referatur,

240 2311 392 2348 certam
418 2313 555 2346 rectae
582 2307 792 2350 voluntatis
821 2310 864 2345 et
894 2307 1087 2357 explorati
1115 2306 1240 2344 officii
1266 2307 1457 2346 rationem
1485 2311 1550 2346 te-

239 2375 350 2410 nere,
379 2363 450 2401 sed
478 2365 592 2403 unice
621 2363 798 2415 pendere
826 2375 874 2401 ex
900 2362 1064 2413 quadam
1090 2362 1307 2401 hariolandi
1335 2363 1549 2402 coniicien-

240 2419 360 2468 dique
396 2420 598 2468 sossertia,
636 2431 711 2471 qua
750 2419 955 2463 commoda
992 2422 1036 2462 et
1070 2419 1264 2462 utilitates
1292 2419 1451 2470 assequi
1478 2431 1547 2458 co-

239 2478 396 2517 nentur.

349 2563 404 2606 Et
441 2564 551 2619 prius
585 2564 742 2616 quidem
778 2564 876 2606 illud
918 2536 1133 2622 perficitur-
1161 2565 1239 2612 sic,
1282 2568 1331 2607 ut
1364 2565 1548 2616 exemplo

240 2619 426 2660 Menonis
462 2620 671 2669 Thessali,
710 2620 880 2662 hominis
918 2621 1160 2662 nobilissimo
1204 2621 1294 2659 loco
1332 2622 1436 2669 nati,
1481 2621 1548 2670 qui

241 2676 418 2732 Gorgiae
454 2689 550 2718 usus
588 2681 676 2718 erat
703 2676 911 2731 disciplina
938 2681 980 2718 et
1004 2677 1279 2728 institutione,
1306 2677 1548 2725 ostendatur,
