1624 2904
225 169 313 234 μ144
682 167 1094 213 PROLEGOMENA

229 294 278 321 eo
316 274 603 333 quodammodo
640 281 788 322 factum
827 295 918 322 esse
954 279 1059 322 haud
1097 293 1190 323 sane
1225 282 1359 336 negari
1387 289 1536 338 potest.

224 338 488 379 Nihilominus
516 343 646 378 autem
674 345 786 378 recte
810 340 988 378 videmur
1007 341 1246 379 contendere
1271 341 1312 380 id
1340 343 1425 381 sine
1453 341 1536 381 ullo

226 406 370 433 causae
411 393 588 434 Socratis
626 396 807 447 periculo
846 400 913 434 aut
949 395 1188 435 detrimento
1223 398 1312 435 fieri
1340 399 1534 448 potuisse.

224 450 438 490 Enimvero
467 452 562 490 sutis
590 455 772 490 constare
792 452 1038 499 arbitramur,
1068 458 1209 503 quanta
1228 453 1386 491 licentia
1404 454 1536 492 Grae-

225 506 284 545 cis
322 517 509 546 concessa
546 506 670 545 fuerit
706 508 746 546 in
786 507 1001 546 iudicandis
1029 507 1191 547 deorum
1219 509 1460 548 facinoribus
1495 513 1538 548 et

223 562 455 609 virtutibus,
492 562 609 601 modo
646 575 696 601 ne
732 563 820 613 ipsa
858 564 1013 601 numina
1050 561 1299 602 tollerentur,
1373 564 1537 615 impune

225 618 330 656 enim
358 619 490 669 poetis
520 622 631 657 certe
649 619 809 657 comicis
838 618 984 656 licebat
1011 618 1179 658 furtivos
1203 633 1337 658 eorum
1367 633 1536 669 amores,

223 673 330 713 rixas
361 678 404 713 et
442 675 736 722 contentiones,
778 674 1015 725 cupiditates
1045 686 1091 714 ac
1134 676 1262 714 studia
1298 677 1466 715 irridere
1483 675 1537 725 *).

223 728 365 780 Neque
393 730 513 769 etiam
552 731 592 769 in
621 730 885 781 philosophos
913 730 1006 768 talia
1033 731 1373 782 reprehendentes
1402 732 1538 770 admo*-

165 798 167 801 ’
223 784 318 824 dum
353 796 496 824 severe
538 790 730 824 statutum
769 798 885 834 esse,
928 786 1053 836 ipsius
1093 787 1267 826 Platonis
1313 788 1536 839 exemplum

222 840 366 889 docet,
403 843 468 893 qui
506 853 605 892 quae
645 842 685 880 in
734 841 845 881 libris
891 840 941 879 de
993 843 1142 892 optima
1192 844 1350 882 civitate
1395 848 1437 882 et
1484 844 1536 882 de

223 897 382 949 legibus
420 897 472 936 de
515 897 655 936 iisdem
703 897 802 936 locis
843 898 1077 948 disputavit,
1121 904 1232 937 certe
1267 908 1343 937 non
1381 899 1538 938 videtur

222 954 385 1004 impune
419 953 599 992 scribere
635 954 839 1004 potuisse,
876 954 909 991 si
949 954 1108 1004 publice
1144 955 1184 992 in
1223 956 1351 993 omnia
1378 955 1540 994 decreta

223 1009 366 1061 populi
395 1009 641 1059 opinionibus
659 1011 855 1048 contraria
873 1009 1182 1048 animadversum
1204 1015 1324 1051 esset.
1379 1012 1538 1061 Quippe

223 1066 302 1105 ista
330 1065 460 1103 omnia
489 1066 669 1119 quoniam
699 1077 775 1103 non
803 1069 881 1103 tam
912 1064 1038 1103 divina
1064 1078 1178 1116 quam
1218 1066 1384 1104 humana
1413 1067 1538 1106 videri

223 1120 470 1168 debuerunt,
506 1120 556 1159 ud
592 1120 791 1171 publicum
833 1120 997 1160 deorum
1039 1121 1186 1159 cultum
1224 1127 1341 1172 atque
1376 1134 1538 1160 venera-

222 1177 373 1216 tionem
409 1177 537 1214 minus
577 1177 783 1227 pertinere
821 1176 991 1215 iudicata
1026 1181 1128 1215 sunt.
1193 1177 1307 1226 Quod
1351 1179 1385 1216 si
1418 1179 1541 1229 igitur

223 1231 459 1285 philosophi
495 1232 649 1282 quidam
688 1233 843 1283 gravius
878 1233 1006 1283 puniti
1034 1237 1148 1279 sunt,
1178 1231 1325 1271 factum
1354 1234 1432 1272 hoc
1461 1239 1538 1281 est,

223 1289 290 1328 vel
319 1289 407 1340 quia
433 1289 564 1338 ipsum
591 1288 754 1326 deorum
783 1300 927 1326 numen
954 1288 1098 1327 tollere
1126 1288 1377 1337 videbantur,
1416 1290 1539 1329 veluti

224 1345 490 1396 Anaxagoras·
513 1348 556 1383 et
589 1343 780 1394 Diagoras
817 1344 987 1392 Melius,
1016 1345 1083 1395 qui
1108 1343 1200 1383 ideo
1228 1341 1369 1392 ἄθεος
1396 1346 1538 1397 appel-

225 1400 330 1440 latus
368 1403 455 1450 est,
488 1398 553 1438 vel
594 1399 698 1450 quod
735 1399 892 1451 publica
930 1411 1041 1439 sacra
1079 1401 1322 1451 maximeque
1350 1403 1541 1452 mysteria

225 1457 464 1504 violassent,
498 1459 544 1494 ut
581 1455 735 1507 Stilpo,
763 1455 813 1494 de
842 1468 919 1507 quo
947 1455 1063 1508 Diog.
1099 1455 1145 1497 L.
1174 1455 1224 1495 11.
1256 1456 1347 1495 116.
1375 1457 1439 1496 vel
1469 1458 1540 1496 de-

226 1514 346 1564 nique
385 1512 477 1550 odio
513 1511 775 1550 factiosorum
802 1511 1024 1559 hominum,
1055 1512 1161 1562 quod
1186 1524 1326 1563 magna
1353 1525 1400 1551 ex
1424 1517 1541 1564 parte

227 1568 383 1608 Socrati
421 1567 570 1606 factum
600 1569 788 1606 novimus.
846 1568 926 1606 lam
955 1580 1050 1606 vero
1078 1568 1119 1606 in
1137 1567 1430 1619 Euthyphrone
1459 1569 1539 1608 So-

226 1629 358 1664 crates
393 1623 688 1674 haudquaquam
727 1625 784 1662 sic
824 1623 1022 1676 disputat,
1059 1626 1105 1661 ut
1130 1625 1347 1674 patriorum
1375 1624 1539 1675 deorum

225 1681 376 1720 cultum
413 1685 668 1718 contemnere
701 1684 770 1718 aut
806 1692 943 1718 eorum
978 1679 1223 1719 maiestatem
1253 1692 1297 1717 ac
1323 1682 1538 1730 potentiam

224 1736 372 1776 tollere
407 1735 599 1783 videatur,
635 1735 706 1773 sed
739 1736 796 1773 ita
827 1735 993 1785 loquens
1028 1734 1238 1781 inducitur,
1269 1739 1311 1773 ut
1339 1736 1537 1787 indignam

226 1791 392 1831 deorum
423 1792 581 1829 numine
618 1790 938 1840 superstitionem
978 1789 1125 1828 urbane
1165 1791 1452 1840 reprehendat,
1481 1793 1538 1831 si-

225 1847 382 1900 quidem
410 1845 596 1885 ,ostendit
631 1847 818 1896 pietatem
856 1858 929 1884 nec
967 1857 1086 1896 posse
1123 1848 1343 1884 consistere
1387 1848 1427 1886 in
1472 1849 1537 1897 iis,

226 1916 327 1955 quae
363 1902 436 1941 diis
474 1907 587 1953 grata
625 1903 725 1950 sint,
757 1903 936 1953 quonium
965 1903 1130 1939 maxima
1157 1903 1211 1940 sit
1237 1903 1412 1952 ipsorum
1441 1904 1538 1942 deo-

223 1973 313 2000 rum
348 1959 398 1997 de
436 1959 579 1996 talibus
606 1959 726 1996 rebus
755 1958 970 2005 dissensio,
999 1970 1127 2008 neque
1154 1970 1316 2008 precum
1343 1963 1384 1997 et
1411 1961 1537 1999 sacri-

224 2015 404 2055 ficiorum
435 2015 576 2052 ritibus
606 2014 801 2051 commodi
831 2018 873 2052 et
900 2014 1081 2051 utilitatis
1121 2015 1244 2064 gratia
1283 2015 1536 2056 observandis

225 2071 435 2118 contineri,
465 2070 540 2108 nisi
570 2081 655 2107 eam
671 2070 895 2108 existimare
923 2069 1087 2107 velimus
1112 2072 1383 2108 mercatoriam
1413 2085 1534 2121 quan-

226 2127 316 2166 dum
343 2133 470 2168 artem
502 2137 613 2172 esse,
645 2138 744 2177 quae
772 2125 973 2164 beneficiis
1003 2125 1109 2163 ultro
1139 2126 1239 2163 citro
1262 2126 1396 2164 dandis
1425 2128 1535 2165 acci-

224 2182 377 2234 piendis
415 2182 651 2219 absolvetur.
717 2181 853 2220 Falsas
889 2181 1013 2231 plebis
1052 2181 1255 2231 opiniones
1284 2182 1334 2219 de
1363 2182 1533 2222 utilitate

225 2251 275 2278 ex
306 2238 511 2277 sacrificiis
539 2237 740 2275 hominum
767 2238 806 2275 in
844 2237 941 2275 deos
968 2236 1211 2275 redundante
1239 2239 1332 2275 item
1363 2239 1534 2288 explosit

222 2294 508 2343 Aristophanes
544 2293 583 2330 in
622 2293 766 2331 Avibus
803 2303 838 2334 v.
880 2292 969 2331 186.
1000 2296 1042 2330 et
1072 2293 1185 2339 alibi,
1214 2293 1279 2331 ubi
1308 2293 1533 2333 Pisthetaew

185 2395 187 2398 ¹
222 2362 310 2390 rum
338 2350 450 2387 tinxit
467 2348 506 2386 id
528 2349 682 2386 consilii
703 2350 931 2398 agitantem,
961 2352 1006 2386 ut
1033 2348 1190 2386 condito
1219 2349 1257 2385 in
1286 2361 1379 2386 aere
1407 2351 1532 2389 avium

220 2417 346 2456 regno
383 2404 661 2443 commercium
702 2405 806 2442 inter
842 2404 1021 2442 homines
1057 2409 1175 2455 atque
1204 2403 1299 2443 deos
1330 2417 1445 2443 omne
1472 2407 1532 2444 in-

220 2460 466 2502 tercludatur
494 2471 621 2511 eoque
659 2459 713 2499 dii
749 2461 816 2501 siti
846 2464 889 2499 et
915 2459 1022 2499 fame
1046 2464 1273 2508 enecentur,
1302 2462 1447 2512 quippe
1469 2475 1531 2501 sa⁴

308 2646 349 2691 ¹⁸¹)
371 2649 415 2725 11³7!
444 2643 660 2725 Bb'ltthger.
682 2645 734 2681 De
757 2643 982 2689 Aristophane
1012 2640 1182 2688 impunito
1204 2643 1353 2679 Deorum
1375 2643 1530 2679 irrisore.

414 2703 466 2735 ps.
535 2697 553 2724 9
578 2711 588 2726 ι
