<?xml version="1.0" encoding="UTF-8"?>
<!DOCTYPE html PUBLIC "-//W3C//DTD XHTML 1.0 Transitional//EN"
    "http://www.w3.org/TR/xhtml1/DTD/xhtml1-transitional.dtd">
<html xmlns="http://www.w3.org/1999/xhtml" xml:lang="en" lang="en">
 <head>
  <title>
</title>
<meta http-equiv="Content-Type" content="text/html;charset=utf-8" />
  <meta name='ocr-system' content='tesseract 3.04.00' />
  <meta name='ocr-capabilities' content='ocr_page ocr_carea ocr_par ocr_line ocrx_word'/>
</head>
<body>
  <div class='ocr_page' id='page_1' title='image "./operaomniarecens06platuoft/operaomniarecens06platuoft_0026.png"; bbox 0 0 1624 2904; ppageno 0'>
   <div class='ocr_carea' id='block_1_1' title="bbox 305 171 1159 217">
    <p class='ocr_par' dir='ltr' id='par_1_1' title="bbox 305 171 1159 217">
     <span class='ocr_line' id='line_1_1' title="bbox 305 171 1159 217; baseline 0.007 -7"><span class='ocrx_word' id='word_1_1' title='bbox 305 172 360 210; x_wconf 80' lang='lat'><strong>2⁰</strong></span> <span class='ocrx_word' id='word_1_2' title='bbox 755 171 1159 217; x_wconf 79' lang='lat' dir='ltr'><strong>DlSPUTATlo</strong></span> 
     </span>
    </p>
   </div>
   <div class='ocr_carea' id='block_1_2' title="bbox 277 282 1611 895">
    <p class='ocr_par' dir='ltr' id='par_1_2' title="bbox 277 282 1611 895">
     <span class='ocr_line' id='line_1_2' title="bbox 303 282 1611 340; baseline 0.014 -21"><span class='ocrx_word' id='word_1_3' title='bbox 303 283 549 334; x_wconf 79' lang='lat' dir='ltr'><strong>impertiant,</strong></span> <span class='ocrx_word' id='word_1_4' title='bbox 589 287 630 322; x_wconf 86' lang='lat' dir='ltr'><strong>et</strong></span> <span class='ocrx_word' id='word_1_5' title='bbox 663 282 880 323; x_wconf 84' lang='lat' dir='ltr'><strong>disserendi</strong></span> <span class='ocrx_word' id='word_1_6' title='bbox 917 285 1096 327; x_wconf 88' lang='lat' dir='ltr'><strong>sollertia</strong></span> <span class='ocrx_word' id='word_1_7' title='bbox 1133 293 1251 340; x_wconf 86' lang='lat' dir='ltr'><strong>atque</strong></span> <span class='ocrx_word' id='word_1_8' title='bbox 1288 292 1480 335; x_wconf 82' lang='lat' dir='ltr'><strong>facultate</strong></span> <span class='ocrx_word' id='word_1_9' title='bbox 1521 300 1611 338; x_wconf 82' lang='lat' dir='ltr'><strong>tan-</strong></span> 
     </span>
     <span class='ocr_line' id='line_1_3' title="bbox 303 339 1610 394; baseline 0.012 -17"><span class='ocrx_word' id='word_1_10' title='bbox 303 343 385 377; x_wconf 86' lang='lat' dir='ltr'><strong>tum</strong></span> <span class='ocrx_word' id='word_1_11' title='bbox 424 339 603 386; x_wconf 65' lang='lat' dir='ltr'><strong>valeant,</strong></span> <span class='ocrx_word' id='word_1_12' title='bbox 643 345 686 378; x_wconf 88' lang='lat' dir='ltr'><strong>ut</strong></span> <span class='ocrx_word' id='word_1_13' title='bbox 721 353 974 392; x_wconf 87' lang='lat' dir='ltr'><strong>quaecunque</strong></span> <span class='ocrx_word' id='word_1_14' title='bbox 1002 343 1284 394; x_wconf 86' lang='lat' dir='ltr'><strong>proferantur,</strong></span> <span class='ocrx_word' id='word_1_15' title='bbox 1314 358 1428 389; x_wconf 90' lang='lat' dir='ltr'><strong>acute</strong></span> <span class='ocrx_word' id='word_1_16' title='bbox 1458 353 1610 393; x_wconf 80' lang='lat' dir='ltr'>soleant</span> 
     </span>
     <span class='ocr_line' id='line_1_4' title="bbox 303 395 1609 453; baseline 0.011 -20"><span class='ocrx_word' id='word_1_17' title='bbox 303 395 494 433; x_wconf 78' lang='lat' dir='ltr'><strong>refellere</strong></span> <span class='ocrx_word' id='word_1_18' title='bbox 530 401 571 433; x_wconf 91' lang='lat' dir='ltr'><strong>et</strong></span> <span class='ocrx_word' id='word_1_19' title='bbox 608 408 836 446; x_wconf 77' lang='lat' dir='ltr'><strong>coarguere.</strong></span> <span class='ocrx_word' id='word_1_20' title='bbox 905 398 1043 448; x_wconf 80' lang='lat' dir='ltr'><strong>ltaque</strong></span> <span class='ocrx_word' id='word_1_21' title='bbox 1079 407 1208 440; x_wconf 87' lang='lat' dir='ltr'><strong>semet</strong></span> <span class='ocrx_word' id='word_1_22' title='bbox 1242 404 1369 453; x_wconf 90' lang='lat' dir='ltr'><strong>ipsum</strong></span> <span class='ocrx_word' id='word_1_23' title='bbox 1399 409 1454 445; x_wconf 90' lang='lat' dir='ltr'><strong>ait</strong></span> <span class='ocrx_word' id='word_1_24' title='bbox 1482 409 1609 448; x_wconf 89' lang='lat' dir='ltr'><strong>homi-</strong></span> 
     </span>
     <span class='ocr_line' id='line_1_5' title="bbox 301 451 1608 509; baseline 0.011 -20"><span class='ocrx_word' id='word_1_25' title='bbox 301 463 392 489; x_wconf 82' lang='lat' dir='ltr'><strong>num</strong></span> <span class='ocrx_word' id='word_1_26' title='bbox 421 451 585 489; x_wconf 85' lang='lat' dir='ltr'><strong>istorum</strong></span> <span class='ocrx_word' id='word_1_27' title='bbox 614 452 873 491; x_wconf 73' lang='lat' dir='ltr'><strong>vehementer</strong></span> <span class='ocrx_word' id='word_1_28' title='bbox 901 459 1093 503; x_wconf 88' lang='lat' dir='ltr'><strong>appetere</strong></span> <span class='ocrx_word' id='word_1_29' title='bbox 1121 457 1363 509; x_wconf 72' lang='lat' dir='ltr'><strong>disciplinam</strong></span> <span class='ocrx_word' id='word_1_30' title='bbox 1385 468 1426 501; x_wconf 87' lang='lat' dir='ltr'><strong>et</strong></span> <span class='ocrx_word' id='word_1_31' title='bbox 1449 464 1608 503; x_wconf 89' lang='lat' dir='ltr'><strong>institu-</strong></span> 
     </span>
     <span class='ocr_line' id='line_1_6' title="bbox 300 507 1608 570; baseline 0.012 -27"><span class='ocrx_word' id='word_1_32' title='bbox 300 507 446 544; x_wconf 76' lang='lat' dir='ltr'><strong>tionem</strong></span> <span class='ocrx_word' id='word_1_33' title='bbox 460 536 471 553; x_wconf 92' lang='lat'><strong>,</strong></span> <span class='ocrx_word' id='word_1_34' title='bbox 501 507 741 558; x_wconf 76' lang='lat' dir='ltr'>eandemque</span> <span class='ocrx_word' id='word_1_35' title='bbox 764 510 879 546; x_wconf 81' lang='lat' dir='ltr'><strong>etiam</strong></span> <span class='ocrx_word' id='word_1_36' title='bbox 900 509 1050 547; x_wconf 77' lang='lat' dir='ltr'><strong>Critoni</strong></span> <span class='ocrx_word' id='word_1_37' title='bbox 1068 512 1180 550; x_wconf 70' lang='lat' dir='ltr'><strong>valde</strong></span> <span class='ocrx_word' id='word_1_38' title='bbox 1202 519 1459 565; x_wconf 82' lang='lat' dir='ltr'><strong>commendat,</strong></span> <span class='ocrx_word' id='word_1_39' title='bbox 1489 508 1608 570; x_wconf 76' lang='lat' dir='ltr'><strong>prae-</strong></span> 
     </span>
     <span class='ocr_line' id='line_1_7' title="bbox 301 564 1606 614; baseline 0.011 -15"><span class='ocrx_word' id='word_1_40' title='bbox 301 564 449 600; x_wconf 83' lang='lat' dir='ltr'><strong>sertim·</strong></span> <span class='ocrx_word' id='word_1_41' title='bbox 468 576 583 613; x_wconf 89' lang='lat' dir='ltr'><strong>quum</strong></span> <span class='ocrx_word' id='word_1_42' title='bbox 615 576 777 614; x_wconf 81' lang='lat' dir='ltr'><strong>sperare</strong></span> <span class='ocrx_word' id='word_1_43' title='bbox 806 565 925 602; x_wconf 82' lang='lat' dir='ltr'><strong>liceat</strong></span> <span class='ocrx_word' id='word_1_44' title='bbox 953 565 1064 613; x_wconf 86' lang='lat' dir='ltr'><strong>fore,</strong></span> <span class='ocrx_word' id='word_1_45' title='bbox 1095 573 1140 606; x_wconf 90' lang='lat' dir='ltr'><strong>ut</strong></span> <span class='ocrx_word' id='word_1_46' title='bbox 1168 570 1230 607; x_wconf 77' lang='lat' dir='ltr'><strong>vel</strong></span> <span class='ocrx_word' id='word_1_47' title='bbox 1260 583 1376 610; x_wconf 79' lang='lat' dir='ltr'><strong>senes</strong></span> <span class='ocrx_word' id='word_1_48' title='bbox 1406 574 1502 612; x_wconf 83' lang='lat' dir='ltr'><strong>facti</strong></span> <span class='ocrx_word' id='word_1_49' title='bbox 1533 589 1606 613; x_wconf 90' lang='lat' dir='ltr'><strong>eo-</strong></span> 
     </span>
     <span class='ocr_line' id='line_1_8' title="bbox 277 619 1608 674; baseline 0.011 -19"><span class='ocrx_word' id='word_1_50' title='bbox 277 630 384 656; x_wconf 85' lang='lat' dir='ltr'><strong>·rum</strong></span> <span class='ocrx_word' id='word_1_51' title='bbox 414 623 549 657; x_wconf 78' lang='lat' dir='ltr'><strong>artem.</strong></span> <span class='ocrx_word' id='word_1_52' title='bbox 569 619 686 658; x_wconf 77' lang='lat' dir='ltr'><strong>facile</strong></span> <span class='ocrx_word' id='word_1_53' title='bbox 715 621 957 671; x_wconf 69' lang='lat' dir='ltr'><strong>percipiant,</strong></span> <span class='ocrx_word' id='word_1_54' title='bbox 988 634 1117 672; x_wconf 85' lang='lat' dir='ltr'><strong>neque</strong></span> <span class='ocrx_word' id='word_1_55' title='bbox 1149 625 1236 674; x_wconf 89' lang='lat' dir='ltr'><strong>ipse</strong></span> <span class='ocrx_word' id='word_1_56' title='bbox 1266 627 1328 673; x_wconf 87' lang='lat' dir='ltr'><strong>iis,</strong></span> <span class='ocrx_word' id='word_1_57' title='bbox 1358 630 1475 668; x_wconf 83' lang='lat' dir='ltr'><strong>sicuti</strong></span> <span class='ocrx_word' id='word_1_58' title='bbox 1504 630 1608 670; x_wconf 87' lang='lat' dir='ltr'><strong>con-</strong></span> 
     </span>
     <span class='ocr_line' id='line_1_9' title="bbox 299 675 1607 731; baseline 0.009 -19"><span class='ocrx_word' id='word_1_59' title='bbox 299 686 367 722; x_wconf 88' lang='lat' dir='ltr'><strong>no,</strong></span> <span class='ocrx_word' id='word_1_60' title='bbox 397 676 567 714; x_wconf 85' lang='lat' dir='ltr'><strong>musices</strong></span> <span class='ocrx_word' id='word_1_61' title='bbox 596 676 798 727; x_wconf 82' lang='lat' dir='ltr'><strong>magistrO,</strong></span> <span class='ocrx_word' id='word_1_62' title='bbox 827 682 1010 727; x_wconf 76' lang='lat' dir='ltr'><strong>tanquam</strong></span> <span class='ocrx_word' id='word_1_63' title='bbox 1040 675 1281 731; x_wconf 59' lang='grc' dir='ltr'><strong>ὀψιμαθὴς</strong></span> <span class='ocrx_word' id='word_1_64' title='bbox 1309 683 1505 722; x_wconf 77' lang='lat' dir='ltr'><strong>infamiam</strong></span> <span class='ocrx_word' id='word_1_65' title='bbox 1536 687 1607 724; x_wconf 83' lang='lat' dir='ltr'><strong>ali-</strong></span> 
     </span>
     <span class='ocr_line' id='line_1_10' title="bbox 296 731 1610 787; baseline 0.008 -19"><span class='ocrx_word' id='word_1_66' title='bbox 296 743 410 781; x_wconf 89' lang='lat' dir='ltr'><strong>quam</strong></span> <span class='ocrx_word' id='word_1_67' title='bbox 440 731 602 779; x_wconf 81' lang='lat' dir='ltr'><strong>afferat,</strong></span> <span class='ocrx_word' id='word_1_68' title='bbox 641 731 950 782; x_wconf 88' lang='lat' dir='ltr'><strong>qnandoquidem</strong></span> <span class='ocrx_word' id='word_1_69' title='bbox 979 734 1098 773; x_wconf 86' lang='lat' dir='ltr'><strong>etiam</strong></span> <span class='ocrx_word' id='word_1_70' title='bbox 1126 735 1401 787; x_wconf 75' lang='lat' dir='ltr'><strong>Euthydemus</strong></span> <span class='ocrx_word' id='word_1_71' title='bbox 1441 744 1482 777; x_wconf 90' lang='lat' dir='ltr'><strong>et</strong></span> <span class='ocrx_word' id='word_1_72' title='bbox 1511 739 1610 778; x_wconf 89' lang='lat' dir='ltr'><strong>Dio-</strong></span> 
     </span>
     <span class='ocr_line' id='line_1_11' title="bbox 295 786 1607 895; baseline 0.009 -71"><span class='ocrx_word' id='word_1_73' title='bbox 295 786 515 895; x_wconf 61' lang='lat' dir='ltr'><strong>nysodorps</strong></span> <span class='ocrx_word' id='word_1_74' title='bbox 541 789 618 826; x_wconf 84' lang='lat' dir='ltr'><strong>iam</strong></span> <span class='ocrx_word' id='word_1_75' title='bbox 647 792 779 827; x_wconf 86' lang='lat' dir='ltr'><strong>aetate</strong></span> <span class='ocrx_word' id='word_1_76' title='bbox 807 789 986 839; x_wconf 81' lang='lat' dir='ltr'><strong>provecti</strong></span> <span class='ocrx_word' id='word_1_77' title='bbox 1014 789 1091 828; x_wconf 90' lang='lat' dir='ltr'><strong>ista</strong></span> <span class='ocrx_word' id='word_1_78' title='bbox 1130 793 1259 831; x_wconf 88' lang='lat' dir='ltr'><strong>omnia</strong></span> <span class='ocrx_word' id='word_1_79' title='bbox 1296 795 1475 844; x_wconf 81' lang='lat' dir='ltr'><strong>gnaviter</strong></span> <span class='ocrx_word' id='word_1_80' title='bbox 1502 795 1607 836; x_wconf 84' lang='lat' dir='ltr'><strong>didi-</strong></span> 
     </span>
     <span class='ocr_line' id='line_1_12' title="bbox 294 842 497 886; baseline 0.02 -4"><span class='ocrx_word' id='word_1_81' title='bbox 294 844 424 882; x_wconf 88' lang='lat' dir='ltr'><strong>cerint</strong></span> <span class='ocrx_word' id='word_1_82' title='bbox 440 842 461 868; x_wconf 90' lang='lat'><strong><em>*</em></strong></span> <span class='ocrx_word' id='word_1_83' title='bbox 485 872 497 886; x_wconf 90' lang='grc'><strong>.</strong></span> 
     </span>
    </p>
   </div>
   <div class='ocr_carea' id='block_1_3' title="bbox 264 931 1608 2546">
    <p class='ocr_par' dir='ltr' id='par_1_3' title="bbox 264 931 1608 2546">
     <span class='ocr_line' id='line_1_13' title="bbox 402 931 1608 986; baseline 0.007 -14"><span class='ocrx_word' id='word_1_84' title='bbox 402 931 493 972; x_wconf 84' lang='lat' dir='ltr'><strong>Hoc</strong></span> <span class='ocrx_word' id='word_1_85' title='bbox 529 932 654 983; x_wconf 79' lang='lat' dir='ltr'><strong>igitur</strong></span> <span class='ocrx_word' id='word_1_86' title='bbox 691 935 755 971; x_wconf 87' lang='lat' dir='ltr'><strong>est</strong></span> <span class='ocrx_word' id='word_1_87' title='bbox 795 934 990 972; x_wconf 89' lang='lat' dir='ltr'><strong>sermonis</strong></span> <span class='ocrx_word' id='word_1_88' title='bbox 1019 934 1198 983; x_wconf 85' lang='lat' dir='ltr'><strong>initium,</strong></span> <span class='ocrx_word' id='word_1_89' title='bbox 1228 936 1332 986; x_wconf 87' lang='lat' dir='ltr'><strong>quod</strong></span> <span class='ocrx_word' id='word_1_90' title='bbox 1361 942 1541 979; x_wconf 77' lang='lat' dir='ltr'><strong>versatur</strong></span> <span class='ocrx_word' id='word_1_91' title='bbox 1567 940 1608 980; x_wconf 88' lang='lat' dir='ltr'><strong>in</strong></span> 
     </span>
     <span class='ocr_line' id='line_1_14' title="bbox 294 987 1608 1044; baseline 0.006 -17"><span class='ocrx_word' id='word_1_92' title='bbox 294 987 566 1028; x_wconf 84' lang='lat' dir='ltr'><strong>describendis</strong></span> <span class='ocrx_word' id='word_1_93' title='bbox 584 988 849 1038; x_wconf 76' lang='lat' dir='ltr'><strong>sophistarum</strong></span> <span class='ocrx_word' id='word_1_94' title='bbox 870 990 1027 1028; x_wconf 87' lang='lat' dir='ltr'><strong>illorum</strong></span> <span class='ocrx_word' id='word_1_95' title='bbox 1056 991 1198 1030; x_wconf 88' lang='lat' dir='ltr'><strong>studiis</strong></span> <span class='ocrx_word' id='word_1_96' title='bbox 1226 993 1402 1044; x_wconf 82' lang='lat' dir='ltr'><strong>itemque</strong></span> <span class='ocrx_word' id='word_1_97' title='bbox 1432 996 1608 1037; x_wconf 85' lang='lat' dir='ltr'><strong>urbanis-</strong></span> 
     </span>
     <span class='ocr_line' id='line_1_15' title="bbox 294 1043 1605 1097; baseline 0.004 -12"><span class='ocrx_word' id='word_1_98' title='bbox 294 1046 416 1085; x_wconf 88' lang='lat' dir='ltr'><strong>simae</strong></span> <span class='ocrx_word' id='word_1_99' title='bbox 443 1044 636 1084; x_wconf 80' lang='lat' dir='ltr'><strong>irrisionis</strong></span> <span class='ocrx_word' id='word_1_100' title='bbox 665 1043 801 1094; x_wconf 81' lang='lat' dir='ltr'><strong>lepore</strong></span> <span class='ocrx_word' id='word_1_101' title='bbox 830 1045 1038 1094; x_wconf 78' lang='lat' dir='ltr'><strong>perfusum</strong></span> <span class='ocrx_word' id='word_1_102' title='bbox 1068 1051 1146 1087; x_wconf 75' lang='lat' dir='ltr'><strong>est.</strong></span> <span class='ocrx_word' id='word_1_103' title='bbox 1203 1048 1330 1097; x_wconf 77' lang='lat' dir='ltr'><strong>Quum</strong></span> <span class='ocrx_word' id='word_1_104' title='bbox 1359 1062 1454 1088; x_wconf 77' lang='lat' dir='ltr'><strong>vero</strong></span> <span class='ocrx_word' id='word_1_105' title='bbox 1472 1052 1525 1090; x_wconf 56' lang='lat' dir='ltr'><strong>‘in</strong></span> <span class='ocrx_word' id='word_1_106' title='bbox 1547 1063 1605 1092; x_wconf 84' lang='lat' dir='ltr'><strong>eo</strong></span> 
     </span>
     <span class='ocr_line' id='line_1_16' title="bbox 291 1099 1606 1154; baseline 0.003 -12"><span class='ocrx_word' id='word_1_107' title='bbox 291 1102 365 1142; x_wconf 85' lang='lat' dir='ltr'><strong>alia</strong></span> <span class='ocrx_word' id='word_1_108' title='bbox 394 1103 473 1140; x_wconf 90' lang='lat' dir='ltr'><strong>sint</strong></span> <span class='ocrx_word' id='word_1_109' title='bbox 501 1099 833 1138; x_wconf 81' lang='lat' dir='ltr'><strong>animadversione</strong></span> <span class='ocrx_word' id='word_1_110' title='bbox 862 1112 939 1138; x_wconf 91' lang='lat' dir='ltr'><strong>non</strong></span> <span class='ocrx_word' id='word_1_111' title='bbox 969 1102 1147 1153; x_wconf 83' lang='lat' dir='ltr'><strong>indigna,</strong></span> <span class='ocrx_word' id='word_1_112' title='bbox 1176 1103 1225 1141; x_wconf 91' lang='lat' dir='ltr'><strong>de</strong></span> <span class='ocrx_word' id='word_1_113' title='bbox 1255 1106 1395 1154; x_wconf 89' lang='lat' dir='ltr'><strong>quibus</strong></span> <span class='ocrx_word' id='word_1_114' title='bbox 1431 1119 1606 1145; x_wconf 86' lang='lat' dir='ltr'><strong>commo-</strong></span> 
     </span>
     <span class='ocr_line' id='line_1_17' title="bbox 293 1156 1608 1202; baseline 0.004 -6"><span class='ocrx_word' id='word_1_115' title='bbox 293 1158 406 1197; x_wconf 87' lang='lat' dir='ltr'><strong>diore</strong></span> <span class='ocrx_word' id='word_1_116' title='bbox 444 1157 533 1195; x_wconf 90' lang='lat' dir='ltr'><strong>loco</strong></span> <span class='ocrx_word' id='word_1_117' title='bbox 562 1156 749 1202; x_wconf 82' lang='lat' dir='ltr'><strong>dicetur,</strong></span> <span class='ocrx_word' id='word_1_118' title='bbox 790 1160 871 1194; x_wconf 83' lang='lat' dir='ltr'><strong>tum</strong></span> <span class='ocrx_word' id='word_1_119' title='bbox 909 1157 1006 1194; x_wconf 91' lang='lat' dir='ltr'><strong>illud</strong></span> <span class='ocrx_word' id='word_1_120' title='bbox 1050 1159 1216 1197; x_wconf 83' lang='lat' dir='ltr'><strong>maxime</strong></span> <span class='ocrx_word' id='word_1_121' title='bbox 1256 1157 1456 1200; x_wconf 72' lang='lat' dir='ltr'><strong>&#39;observari</strong></span> <span class='ocrx_word' id='word_1_122' title='bbox 1486 1163 1608 1202; x_wconf 82' lang='lat' dir='ltr'><strong>debet</strong></span> 
     </span>
     <span class='ocr_line' id='line_1_18' title="bbox 291 1210 1605 1269; baseline 0.002 -16"><span class='ocrx_word' id='word_1_123' title='bbox 291 1215 580 1265; x_wconf 81' lang='lat' dir='ltr'><strong>diligenterque</strong></span> <span class='ocrx_word' id='word_1_124' title='bbox 617 1210 893 1259; x_wconf 79' lang='lat' dir='ltr'><strong>animadverti,</strong></span> <span class='ocrx_word' id='word_1_125' title='bbox 933 1213 1035 1263; x_wconf 89' lang='lat' dir='ltr'><strong>quod</strong></span> <span class='ocrx_word' id='word_1_126' title='bbox 1074 1213 1347 1264; x_wconf 80' lang='lat' dir='ltr'><strong>Euthydemus</strong></span> <span class='ocrx_word' id='word_1_127' title='bbox 1389 1222 1430 1255; x_wconf 88' lang='lat' dir='ltr'><strong>ct</strong></span> <span class='ocrx_word' id='word_1_128' title='bbox 1457 1216 1605 1269; x_wconf 82' lang='lat' dir='ltr'><strong>Diony-</strong></span> 
     </span>
     <span class='ocr_line' id='line_1_19' title="bbox 292 1268 1604 1313; baseline 0.002 -3"><span class='ocrx_word' id='word_1_129' title='bbox 292 1271 460 1310; x_wconf 88' lang='lat' dir='ltr'><strong>sodorus</strong></span> <span class='ocrx_word' id='word_1_130' title='bbox 499 1272 704 1307; x_wconf 84' lang='lat' dir='ltr'><strong>narrantur</strong></span> <span class='ocrx_word' id='word_1_131' title='bbox 738 1268 844 1305; x_wconf 90' lang='lat' dir='ltr'><strong>inter</strong></span> <span class='ocrx_word' id='word_1_132' title='bbox 877 1268 952 1306; x_wconf 85' lang='lat' dir='ltr'><strong>alia</strong></span> <span class='ocrx_word' id='word_1_133' title='bbox 981 1270 1098 1307; x_wconf 83' lang='lat' dir='ltr'><strong>etiam</strong></span> <span class='ocrx_word' id='word_1_134' title='bbox 1133 1270 1352 1310; x_wconf 82' lang='lat' dir='ltr'><strong>forensium</strong></span> <span class='ocrx_word' id='word_1_135' title='bbox 1384 1275 1604 1313; x_wconf 88' lang='lat' dir='ltr'><strong>orationum</strong></span> 
     </span>
     <span class='ocr_line' id='line_1_20' title="bbox 293 1323 1606 1377; baseline 0.002 -12"><span class='ocrx_word' id='word_1_136' title='bbox 293 1327 550 1377; x_wconf 84' lang='lat' dir='ltr'><strong>scriptionem</strong></span> <span class='ocrx_word' id='word_1_137' title='bbox 589 1323 768 1374; x_wconf 76' lang='lat' dir='ltr'><strong>professi</strong></span> <span class='ocrx_word' id='word_1_138' title='bbox 805 1335 909 1364; x_wconf 86' lang='lat' dir='ltr'><strong>esse.</strong></span> <span class='ocrx_word' id='word_1_139' title='bbox 974 1324 1034 1362; x_wconf 84' lang='lat' dir='ltr'><strong>Ex</strong></span> <span class='ocrx_word' id='word_1_140' title='bbox 1071 1337 1119 1362; x_wconf 87' lang='lat' dir='ltr'><strong>eo</strong></span> <span class='ocrx_word' id='word_1_141' title='bbox 1160 1327 1262 1363; x_wconf 87' lang='lat' dir='ltr'><strong>enim</strong></span> <span class='ocrx_word' id='word_1_142' title='bbox 1303 1329 1448 1366; x_wconf 85' lang='lat' dir='ltr'><strong>clarum</strong></span> <span class='ocrx_word' id='word_1_143' title='bbox 1484 1330 1531 1367; x_wconf 89' lang='lat' dir='ltr'><strong>fit</strong></span> <span class='ocrx_word' id='word_1_144' title='bbox 1564 1334 1606 1368; x_wconf 89' lang='lat' dir='ltr'><strong>et</strong></span> 
     </span>
     <span class='ocr_line' id='line_1_21' title="bbox 290 1381 1604 1434; baseline 0.002 -14"><span class='ocrx_word' id='word_1_145' title='bbox 290 1382 568 1434; x_wconf 89' lang='lat' dir='ltr'><strong>perspicuum,</strong></span> <span class='ocrx_word' id='word_1_146' title='bbox 598 1392 669 1418; x_wconf 88' lang='lat' dir='ltr'><strong>cur</strong></span> <span class='ocrx_word' id='word_1_147' title='bbox 699 1383 874 1417; x_wconf 83' lang='lat' dir='ltr'><strong>extrema</strong></span> <span class='ocrx_word' id='word_1_148' title='bbox 903 1381 1095 1419; x_wconf 87' lang='lat' dir='ltr'><strong>sermonis</strong></span> <span class='ocrx_word' id='word_1_149' title='bbox 1121 1385 1237 1431; x_wconf 89' lang='lat' dir='ltr'><strong>parte</strong></span> <span class='ocrx_word' id='word_1_150' title='bbox 1267 1381 1486 1423; x_wconf 88' lang='lat' dir='ltr'><strong>forensium</strong></span> <span class='ocrx_word' id='word_1_151' title='bbox 1515 1396 1604 1423; x_wconf 84' lang='lat' dir='ltr'><strong>ora-</strong></span> 
     </span>
     <span class='ocr_line' id='line_1_22' title="bbox 289 1436 1606 1491; baseline 0.002 -14"><span class='ocrx_word' id='word_1_152' title='bbox 289 1440 440 1478; x_wconf 88' lang='lat' dir='ltr'><strong>tionum</strong></span> <span class='ocrx_word' id='word_1_153' title='bbox 468 1437 687 1486; x_wconf 81' lang='lat' dir='ltr'><strong>scriptores</strong></span> <span class='ocrx_word' id='word_1_154' title='bbox 716 1436 962 1484; x_wconf 87' lang='lat' dir='ltr'><strong>potissimum</strong></span> <span class='ocrx_word' id='word_1_155' title='bbox 995 1449 1112 1486; x_wconf 89' lang='lat' dir='ltr'><strong>quum</strong></span> <span class='ocrx_word' id='word_1_156' title='bbox 1140 1437 1190 1474; x_wconf 92' lang='lat' dir='ltr'><strong>de</strong></span> <span class='ocrx_word' id='word_1_157' title='bbox 1219 1439 1324 1476; x_wconf 90' lang='lat' dir='ltr'><strong>omni</strong></span> <span class='ocrx_word' id='word_1_158' title='bbox 1352 1439 1606 1491; x_wconf 84' lang='lat' dir='ltr'><strong>philosophia</strong></span> 
     </span>
     <span class='ocr_line' id='line_1_23' title="bbox 290 1490 1603 1544; baseline 0.002 -11"><span class='ocrx_word' id='word_1_159' title='bbox 290 1499 376 1533; x_wconf 88' lang='lat' dir='ltr'><strong>tum</strong></span> <span class='ocrx_word' id='word_1_160' title='bbox 433 1492 483 1530; x_wconf 89' lang='lat' dir='ltr'><strong>de</strong></span> <span class='ocrx_word' id='word_1_161' title='bbox 531 1492 622 1542; x_wconf 89' lang='lat' dir='ltr'><strong>ipso</strong></span> <span class='ocrx_word' id='word_1_162' title='bbox 672 1490 840 1529; x_wconf 81' lang='lat' dir='ltr'><strong>Socrate</strong></span> <span class='ocrx_word' id='word_1_163' title='bbox 890 1491 1060 1544; x_wconf 86' lang='lat' dir='ltr'><strong>iniquius</strong></span> <span class='ocrx_word' id='word_1_164' title='bbox 1120 1492 1354 1532; x_wconf 86' lang='lat' dir='ltr'><strong>iudicavisse</strong></span> <span class='ocrx_word' id='word_1_165' title='bbox 1410 1494 1603 1535; x_wconf 85' lang='lat' dir='ltr'><strong>dicantur.</strong></span> 
     </span>
     <span class='ocr_line' id='line_1_24' title="bbox 289 1545 1604 1597; baseline -0.001 -7"><span class='ocrx_word' id='word_1_166' title='bbox 289 1551 500 1590; x_wconf 84' lang='lat' dir='ltr'><strong>Enimvero</strong></span> <span class='ocrx_word' id='word_1_167' title='bbox 540 1547 582 1586; x_wconf 88' lang='lat' dir='ltr'><strong>id</strong></span> <span class='ocrx_word' id='word_1_168' title='bbox 609 1558 732 1597; x_wconf 85' lang='lat' dir='ltr'><strong>genus</strong></span> <span class='ocrx_word' id='word_1_169' title='bbox 767 1545 945 1584; x_wconf 80' lang='lat' dir='ltr'><strong>homines</strong></span> <span class='ocrx_word' id='word_1_170' title='bbox 985 1547 1197 1586; x_wconf 80' lang='lat' dir='ltr'><strong>verisimile</strong></span> <span class='ocrx_word' id='word_1_171' title='bbox 1236 1553 1321 1596; x_wconf 88' lang='lat' dir='ltr'><strong>est,</strong></span> <span class='ocrx_word' id='word_1_172' title='bbox 1359 1549 1492 1588; x_wconf 89' lang='lat' dir='ltr'><strong>audita</strong></span> <span class='ocrx_word' id='word_1_173' title='bbox 1526 1552 1604 1590; x_wconf 90' lang='lat' dir='ltr'><strong>ista</strong></span> 
     </span>
     <span class='ocr_line' id='line_1_25' title="bbox 291 1601 1602 1663; baseline 0 -18"><span class='ocrx_word' id='word_1_174' title='bbox 291 1605 558 1663; x_wconf 81' lang='lat' dir='ltr'><strong>sophistarum</strong></span> <span class='ocrx_word' id='word_1_175' title='bbox 587 1601 863 1654; x_wconf 78' lang='lat' dir='ltr'><strong>professione,</strong></span> <span class='ocrx_word' id='word_1_176' title='bbox 892 1603 1003 1652; x_wconf 88' lang='lat' dir='ltr'><strong>ipsos</strong></span> <span class='ocrx_word' id='word_1_177' title='bbox 1037 1614 1193 1653; x_wconf 79' lang='lat' dir='ltr'><strong>quoque</strong></span> <span class='ocrx_word' id='word_1_178' title='bbox 1227 1604 1411 1643; x_wconf 74' lang='lat' dir='ltr'><strong>eristicae</strong></span> <span class='ocrx_word' id='word_1_179' title='bbox 1440 1617 1602 1656; x_wconf 89' lang='lat' dir='ltr'><strong>operam</strong></span> 
     </span>
     <span class='ocr_line' id='line_1_26' title="bbox 290 1658 1602 1710; baseline 0.001 -10"><span class='ocrx_word' id='word_1_180' title='bbox 290 1663 386 1701; x_wconf 85' lang='lat' dir='ltr'><strong>dare</strong></span> <span class='ocrx_word' id='word_1_181' title='bbox 414 1658 656 1705; x_wconf 71' lang='lat' dir='ltr'><strong>instituisse,</strong></span> <span class='ocrx_word' id='word_1_182' title='bbox 695 1661 850 1708; x_wconf 87' lang='lat' dir='ltr'><strong>utpote.</strong></span> <span class='ocrx_word' id='word_1_183' title='bbox 876 1658 1015 1696; x_wconf 84' lang='lat' dir='ltr'><strong>exinde</strong></span> <span class='ocrx_word' id='word_1_184' title='bbox 1048 1659 1124 1696; x_wconf 87' lang='lat' dir='ltr'><strong>arti</strong></span> <span class='ocrx_word' id='word_1_185' title='bbox 1153 1671 1247 1697; x_wconf 89' lang='lat' dir='ltr'><strong>suae</strong></span> <span class='ocrx_word' id='word_1_186' title='bbox 1278 1660 1412 1710; x_wconf 86' lang='lat' dir='ltr'><strong>utique</strong></span> <span class='ocrx_word' id='word_1_187' title='bbox 1449 1661 1602 1701; x_wconf 88' lang='lat' dir='ltr'><strong>lucrum</strong></span> 
     </span>
     <span class='ocr_line' id='line_1_27' title="bbox 290 1713 1601 1767; baseline -0.001 -10"><span class='ocrx_word' id='word_1_188' title='bbox 290 1716 449 1767; x_wconf 82' lang='lat' dir='ltr'><strong>aliquod</strong></span> <span class='ocrx_word' id='word_1_189' title='bbox 485 1719 716 1766; x_wconf 84' lang='lat' dir='ltr'><strong>sperantes:</strong></span> <span class='ocrx_word' id='word_1_190' title='bbox 752 1725 842 1751; x_wconf 83' lang='lat' dir='ltr'><strong>mox</strong></span> <span class='ocrx_word' id='word_1_191' title='bbox 877 1718 1008 1752; x_wconf 83' lang='lat' dir='ltr'><strong>tamen</strong></span> <span class='ocrx_word' id='word_1_192' title='bbox 1035 1713 1154 1752; x_wconf 90' lang='lat' dir='ltr'><strong>iidem</strong></span> <span class='ocrx_word' id='word_1_193' title='bbox 1181 1720 1395 1765; x_wconf 88' lang='lat' dir='ltr'><strong>perspecta</strong></span> <span class='ocrx_word' id='word_1_194' title='bbox 1423 1717 1508 1755; x_wconf 88' lang='lat' dir='ltr'><strong>eius</strong></span> <span class='ocrx_word' id='word_1_195' title='bbox 1535 1730 1601 1756; x_wconf 80' lang='lat' dir='ltr'><strong>va-</strong></span> 
     </span>
     <span class='ocr_line' id='line_1_28' title="bbox 291 1769 1602 1822; baseline -0.001 -9"><span class='ocrx_word' id='word_1_196' title='bbox 291 1775 441 1820; x_wconf 85' lang='lat' dir='ltr'><strong>nitate,</strong></span> <span class='ocrx_word' id='word_1_197' title='bbox 479 1783 608 1822; x_wconf 86' lang='lat' dir='ltr'><strong>neque</strong></span> <span class='ocrx_word' id='word_1_198' title='bbox 646 1769 875 1808; x_wconf 85' lang='lat' dir='ltr'><strong>melioribus</strong></span> <span class='ocrx_word' id='word_1_199' title='bbox 913 1769 1187 1820; x_wconf 85' lang='lat' dir='ltr'><strong>philosophiae</strong></span> <span class='ocrx_word' id='word_1_200' title='bbox 1225 1772 1451 1822; x_wconf 83' lang='lat' dir='ltr'><strong>praeceptis</strong></span> <span class='ocrx_word' id='word_1_201' title='bbox 1503 1774 1602 1812; x_wconf 88' lang='lat' dir='ltr'><strong>satis</strong></span> 
     </span>
     <span class='ocr_line' id='line_1_29' title="bbox 292 1825 1602 1878; baseline -0.002 -9"><span class='ocrx_word' id='word_1_202' title='bbox 292 1829 457 1875; x_wconf 90' lang='lat' dir='ltr'><strong>imbuti,</strong></span> <span class='ocrx_word' id='word_1_203' title='bbox 497 1838 611 1878; x_wconf 90' lang='lat' dir='ltr'><strong>quum</strong></span> <span class='ocrx_word' id='word_1_204' title='bbox 652 1826 903 1876; x_wconf 85' lang='lat' dir='ltr'><strong>eloquentiae</strong></span> <span class='ocrx_word' id='word_1_205' title='bbox 937 1825 1092 1863; x_wconf 89' lang='lat' dir='ltr'><strong>laudem</strong></span> <span class='ocrx_word' id='word_1_206' title='bbox 1122 1827 1235 1864; x_wconf 90' lang='lat' dir='ltr'><strong>unice</strong></span> <span class='ocrx_word' id='word_1_207' title='bbox 1264 1827 1602 1877; x_wconf 83' lang='lat' dir='ltr'><strong>exoscularentur,</strong></span> 
     </span>
     <span class='ocr_line' id='line_1_30' title="bbox 276 1880 1601 1936; baseline -0.001 -12"><span class='ocrx_word' id='word_1_208' title='bbox 276 1888 514 1936; x_wconf 87' lang='lat' dir='ltr'><strong>-coeperunt</strong></span> <span class='ocrx_word' id='word_1_209' title='bbox 563 1882 781 1920; x_wconf 78' lang='lat' dir='ltr'><strong>universam</strong></span> <span class='ocrx_word' id='word_1_210' title='bbox 826 1881 1117 1931; x_wconf 85' lang='lat' dir='ltr'><strong>philosophiam</strong></span> <span class='ocrx_word' id='word_1_211' title='bbox 1176 1887 1431 1921; x_wconf 87' lang='lat' dir='ltr'><strong>contemnere</strong></span> <span class='ocrx_word' id='word_1_212' title='bbox 1456 1880 1601 1934; x_wconf 49' lang='lat' dir='ltr'><strong>*atque</strong></span> 
     </span>
     <span class='ocr_line' id='line_1_31' title="bbox 292 1937 1601 1993; baseline -0.004 -11"><span class='ocrx_word' id='word_1_213' title='bbox 292 1943 422 1993; x_wconf 88' lang='lat' dir='ltr'><strong>ipsum</strong></span> <span class='ocrx_word' id='word_1_214' title='bbox 443 1939 661 1984; x_wconf 87' lang='lat' dir='ltr'><strong>Socratem,</strong></span> <span class='ocrx_word' id='word_1_215' title='bbox 681 1937 852 1987; x_wconf 74' lang='lat' dir='ltr'><strong>qurcum</strong></span> <span class='ocrx_word' id='word_1_216' title='bbox 875 1937 1066 1987; x_wconf 88' lang='lat' dir='ltr'><strong>sophistis</strong></span> <span class='ocrx_word' id='word_1_217' title='bbox 1084 1937 1311 1976; x_wconf 79' lang='lat' dir='ltr'><strong>idemtidem</strong></span> <span class='ocrx_word' id='word_1_218' title='bbox 1337 1938 1492 1977; x_wconf 88' lang='lat' dir='ltr'><strong>solebat</strong></span> <span class='ocrx_word' id='word_1_219' title='bbox 1507 1951 1601 1978; x_wconf 85' lang='lat' dir='ltr'><strong>con-</strong></span> 
     </span>
     <span class='ocr_line' id='line_1_32' title="bbox 293 1993 1601 2044; baseline -0.001 -9"><span class='ocrx_word' id='word_1_220' title='bbox 293 1997 456 2042; x_wconf 72' lang='lat' dir='ltr'><strong>versari,</strong></span> <span class='ocrx_word' id='word_1_221' title='bbox 485 1996 525 2033; x_wconf 90' lang='lat' dir='ltr'><strong>in</strong></span> <span class='ocrx_word' id='word_1_222' title='bbox 554 2006 690 2032; x_wconf 86' lang='lat' dir='ltr'><strong>eorum</strong></span> <span class='ocrx_word' id='word_1_223' title='bbox 717 1993 864 2032; x_wconf 86' lang='lat' dir='ltr'><strong>habere</strong></span> <span class='ocrx_word' id='word_1_224' title='bbox 892 2005 1069 2040; x_wconf 89' lang='lat' dir='ltr'><strong>numero,</strong></span> <span class='ocrx_word' id='word_1_225' title='bbox 1099 1995 1163 2043; x_wconf 88' lang='lat' dir='ltr'><strong>qui</strong></span> <span class='ocrx_word' id='word_1_226' title='bbox 1193 1995 1335 2032; x_wconf 87' lang='lat' dir='ltr'><strong>talibus</strong></span> <span class='ocrx_word' id='word_1_227' title='bbox 1365 1995 1527 2044; x_wconf 79' lang='lat' dir='ltr'><strong>argutiis</strong></span> <span class='ocrx_word' id='word_1_228' title='bbox 1559 1999 1601 2034; x_wconf 82' lang='lat' dir='ltr'><strong>et</strong></span> 
     </span>
     <span class='ocr_line' id='line_1_33' title="bbox 293 2049 1600 2104; baseline -0.002 -13"><span class='ocrx_word' id='word_1_229' title='bbox 293 2052 521 2104; x_wconf 80' lang='lat' dir='ltr'><strong>praestigiis</strong></span> <span class='ocrx_word' id='word_1_230' title='bbox 542 2050 846 2088; x_wconf 86' lang='lat' dir='ltr'><strong>delectarentur.</strong></span> <span class='ocrx_word' id='word_1_231' title='bbox 890 2049 932 2086; x_wconf 90' lang='lat' dir='ltr'><strong>ld</strong></span> <span class='ocrx_word' id='word_1_232' title='bbox 955 2049 1057 2099; x_wconf 89' lang='lat' dir='ltr'><strong>quod</strong></span> <span class='ocrx_word' id='word_1_233' title='bbox 1076 2052 1152 2086; x_wconf 85' lang='lat' dir='ltr'><strong>non</strong></span> <span class='ocrx_word' id='word_1_234' title='bbox 1171 2050 1338 2087; x_wconf 85' lang='lat' dir='ltr'><strong>obscure</strong></span> <span class='ocrx_word' id='word_1_235' title='bbox 1359 2050 1600 2100; x_wconf 79' lang='lat' dir='ltr'><strong>significatur</strong></span> 
     </span>
     <span class='ocr_line' id='line_1_34' title="bbox 290 2104 1598 2159; baseline -0.003 -11"><span class='ocrx_word' id='word_1_236' title='bbox 290 2110 392 2149; x_wconf 76' lang='lat' dir='ltr'><strong>infra</strong></span> <span class='ocrx_word' id='word_1_237' title='bbox 422 2121 460 2158; x_wconf 84' lang='lat' dir='ltr'><strong>p.</strong></span> <span class='ocrx_word' id='word_1_238' title='bbox 488 2107 583 2147; x_wconf 70' lang='lat'><strong>3⁰4.</strong></span> <span class='ocrx_word' id='word_1_239' title='bbox 612 2106 661 2144; x_wconf 80' lang='lat' dir='ltr'><strong>E.</strong></span> <span class='ocrx_word' id='word_1_240' title='bbox 691 2116 776 2159; x_wconf 88' lang='lat' dir='ltr'><strong>sqq.</strong></span> <span class='ocrx_word' id='word_1_241' title='bbox 833 2104 985 2155; x_wconf 83' lang='lat' dir='ltr'><strong>Nempe</strong></span> <span class='ocrx_word' id='word_1_242' title='bbox 1013 2105 1191 2143; x_wconf 88' lang='lat' dir='ltr'><strong>homines</strong></span> <span class='ocrx_word' id='word_1_243' title='bbox 1213 2106 1336 2144; x_wconf 81' lang='lat' dir='ltr'><strong>inflati</strong></span> <span class='ocrx_word' id='word_1_244' title='bbox 1356 2110 1398 2143; x_wconf 81' lang='lat' dir='ltr'><strong>et</strong></span> <span class='ocrx_word' id='word_1_245' title='bbox 1415 2105 1598 2154; x_wconf 84' lang='lat' dir='ltr'><strong>fastuosi,</strong></span> 
     </span>
     <span class='ocr_line' id='line_1_35' title="bbox 290 2159 1599 2212; baseline -0.003 -8"><span class='ocrx_word' id='word_1_246' title='bbox 290 2170 337 2205; x_wconf 85' lang='lat' dir='ltr'><strong>ut</strong></span> <span class='ocrx_word' id='word_1_247' title='bbox 373 2165 446 2202; x_wconf 89' lang='lat' dir='ltr'><strong>sibi</strong></span> <span class='ocrx_word' id='word_1_248' title='bbox 481 2163 576 2201; x_wconf 86' lang='lat' dir='ltr'><strong>solis</strong></span> <span class='ocrx_word' id='word_1_249' title='bbox 617 2161 847 2212; x_wconf 88' lang='lat' dir='ltr'><strong>prudentiae</strong></span> <span class='ocrx_word' id='word_1_250' title='bbox 875 2161 1028 2198; x_wconf 87' lang='lat' dir='ltr'><strong>laudem</strong></span> <span class='ocrx_word' id='word_1_251' title='bbox 1058 2161 1317 2208; x_wconf 86' lang='lat' dir='ltr'><strong>vindicarent,</strong></span> <span class='ocrx_word' id='word_1_252' title='bbox 1351 2159 1599 2200; x_wconf 88' lang='lat' dir='ltr'><strong>eristicorum</strong></span> 
     </span>
     <span class='ocr_line' id='line_1_36' title="bbox 290 2217 1599 2267; baseline -0.002 -8"><span class='ocrx_word' id='word_1_253' title='bbox 290 2219 452 2260; x_wconf 84' lang='lat' dir='ltr'><strong>fraudes</strong></span> <span class='ocrx_word' id='word_1_254' title='bbox 482 2219 598 2255; x_wconf 86' lang='lat' dir='ltr'><strong>etiam</strong></span> <span class='ocrx_word' id='word_1_255' title='bbox 629 2218 854 2254; x_wconf 87' lang='lat' dir='ltr'><strong>Socraticae</strong></span> <span class='ocrx_word' id='word_1_256' title='bbox 876 2217 1104 2266; x_wconf 89' lang='lat' dir='ltr'><strong>disciplinae</strong></span> <span class='ocrx_word' id='word_1_257' title='bbox 1122 2217 1357 2266; x_wconf 82' lang='lat' dir='ltr'><strong>tribuebant,</strong></span> <span class='ocrx_word' id='word_1_258' title='bbox 1388 2229 1461 2267; x_wconf 87' lang='lat' dir='ltr'><strong>qua</strong></span> <span class='ocrx_word' id='word_1_259' title='bbox 1482 2229 1599 2266; x_wconf 91' lang='lat' dir='ltr'><strong>quum</strong></span> 
     </span>
     <span class='ocr_line' id='line_1_37' title="bbox 291 2271 1600 2326; baseline -0.002 -11"><span class='ocrx_word' id='word_1_260' title='bbox 291 2277 448 2326; x_wconf 82' lang='lat' dir='ltr'><strong>saepius</strong></span> <span class='ocrx_word' id='word_1_261' title='bbox 487 2277 622 2312; x_wconf 87' lang='lat' dir='ltr'><strong>essent</strong></span> <span class='ocrx_word' id='word_1_262' title='bbox 655 2273 888 2323; x_wconf 85' lang='lat' dir='ltr'><strong>reprehensi</strong></span> <span class='ocrx_word' id='word_1_263' title='bbox 927 2278 968 2311; x_wconf 88' lang='lat' dir='ltr'><strong>et</strong></span> <span class='ocrx_word' id='word_1_264' title='bbox 1006 2273 1208 2322; x_wconf 79' lang='lat' dir='ltr'><strong>castigati,</strong></span> <span class='ocrx_word' id='word_1_265' title='bbox 1245 2271 1393 2310; x_wconf 79' lang='lat' dir='ltr'><strong>factum</strong></span> <span class='ocrx_word' id='word_1_266' title='bbox 1429 2277 1514 2318; x_wconf 84' lang='lat' dir='ltr'><strong>est,</strong></span> <span class='ocrx_word' id='word_1_267' title='bbox 1554 2277 1600 2312; x_wconf 86' lang='lat' dir='ltr'><strong>ut</strong></span> 
     </span>
     <span class='ocr_line' id='line_1_38' title="bbox 290 2327 1598 2384; baseline -0.002 -14"><span class='ocrx_word' id='word_1_268' title='bbox 290 2345 365 2384; x_wconf 88' lang='lat' dir='ltr'><strong>pro</strong></span> <span class='ocrx_word' id='word_1_269' title='bbox 405 2330 618 2380; x_wconf 87' lang='lat' dir='ltr'><strong>sapientiae</strong></span> <span class='ocrx_word' id='word_1_270' title='bbox 657 2330 838 2379; x_wconf 89' lang='lat' dir='ltr'><strong>opinione</strong></span> <span class='ocrx_word' id='word_1_271' title='bbox 875 2341 945 2366; x_wconf 87' lang='lat' dir='ltr'><strong>sua</strong></span> <span class='ocrx_word' id='word_1_272' title='bbox 983 2339 1121 2378; x_wconf 79' lang='lat' dir='ltr'><strong>magno</strong></span> <span class='ocrx_word' id='word_1_273' title='bbox 1160 2329 1242 2366; x_wconf 89' lang='lat' dir='ltr'><strong>eius</strong></span> <span class='ocrx_word' id='word_1_274' title='bbox 1273 2327 1362 2365; x_wconf 89' lang='lat' dir='ltr'><strong>odio</strong></span> <span class='ocrx_word' id='word_1_275' title='bbox 1392 2328 1598 2378; x_wconf 86' lang='lat' dir='ltr'><strong>repleren-</strong></span> 
     </span>
     <span class='ocr_line' id='line_1_39' title="bbox 289 2383 1597 2436; baseline -0.005 -10"><span class='ocrx_word' id='word_1_276' title='bbox 289 2395 369 2427; x_wconf 88' lang='lat' dir='ltr'><strong>tur.</strong></span> <span class='ocrx_word' id='word_1_277' title='bbox 426 2387 485 2424; x_wconf 86' lang='lat' dir='ltr'><strong>Ex</strong></span> <span class='ocrx_word' id='word_1_278' title='bbox 514 2397 590 2436; x_wconf 87' lang='lat' dir='ltr'><strong>quo</strong></span> <span class='ocrx_word' id='word_1_279' title='bbox 617 2384 864 2434; x_wconf 79' lang='lat' dir='ltr'><strong>intelligitur,</strong></span> <span class='ocrx_word' id='word_1_280' title='bbox 894 2384 985 2434; x_wconf 90' lang='lat' dir='ltr'><strong>quid</strong></span> <span class='ocrx_word' id='word_1_281' title='bbox 1014 2383 1313 2422; x_wconf 86' lang='lat' dir='ltr'><strong>necessitudinis</strong></span> <span class='ocrx_word' id='word_1_282' title='bbox 1344 2384 1391 2421; x_wconf 87' lang='lat' dir='ltr'><strong>iis</strong></span> <span class='ocrx_word' id='word_1_283' title='bbox 1422 2396 1507 2421; x_wconf 89' lang='lat' dir='ltr'><strong>cum</strong></span> <span class='ocrx_word' id='word_1_284' title='bbox 1529 2396 1597 2421; x_wconf 85' lang='lat' dir='ltr'><strong>so-</strong></span> 
     </span>
     <span class='ocr_line' id='line_1_40' title="bbox 291 2439 1599 2496; baseline -0.005 -14"><span class='ocrx_word' id='word_1_285' title='bbox 291 2444 434 2496; x_wconf 86' lang='lat' dir='ltr'><strong>phistis</strong></span> <span class='ocrx_word' id='word_1_286' title='bbox 474 2442 624 2492; x_wconf 85' lang='lat' dir='ltr'><strong>pariter</strong></span> <span class='ocrx_word' id='word_1_287' title='bbox 660 2444 777 2490; x_wconf 88' lang='lat' dir='ltr'><strong>atque</strong></span> <span class='ocrx_word' id='word_1_288' title='bbox 815 2453 903 2478; x_wconf 91' lang='lat' dir='ltr'><strong>cum</strong></span> <span class='ocrx_word' id='word_1_289' title='bbox 932 2439 1097 2478; x_wconf 88' lang='lat' dir='ltr'><strong>Socrate</strong></span> <span class='ocrx_word' id='word_1_290' title='bbox 1133 2439 1426 2486; x_wconf 83' lang='lat' dir='ltr'><strong>intercesserit,</strong></span> <span class='ocrx_word' id='word_1_291' title='bbox 1458 2442 1500 2477; x_wconf 89' lang='lat' dir='ltr'><strong>et</strong></span> <span class='ocrx_word' id='word_1_292' title='bbox 1529 2452 1599 2477; x_wconf 86' lang='lat' dir='ltr'><strong>cur</strong></span> 
     </span>
     <span class='ocr_line' id='line_1_41' title="bbox 264 2494 1600 2546; baseline -0.004 -7"><span class='ocrx_word' id='word_1_293' title='bbox 264 2523 267 2526; x_wconf 98' lang='lat'>-</span> <span class='ocrx_word' id='word_1_294' title='bbox 290 2500 406 2540; x_wconf 78' lang='lat' dir='ltr'><strong>Plato</strong></span> <span class='ocrx_word' id='word_1_295' title='bbox 431 2509 504 2537; x_wconf 74' lang='lat' dir='ltr'><strong>&#39;eos</strong></span> <span class='ocrx_word' id='word_1_296' title='bbox 537 2509 615 2537; x_wconf 89' lang='lat' dir='ltr'><strong>non</strong></span> <span class='ocrx_word' id='word_1_297' title='bbox 650 2508 726 2535; x_wconf 87' lang='lat' dir='ltr'><strong>uuo</strong></span> <span class='ocrx_word' id='word_1_298' title='bbox 754 2495 844 2535; x_wconf 85' lang='lat' dir='ltr'><strong>loco</strong></span> <span class='ocrx_word' id='word_1_299' title='bbox 873 2500 1052 2546; x_wconf 87' lang='lat' dir='ltr'><strong>tanquam</strong></span> <span class='ocrx_word' id='word_1_300' title='bbox 1091 2495 1271 2535; x_wconf 86' lang='lat' dir='ltr'><strong>homines</strong></span> <span class='ocrx_word' id='word_1_301' title='bbox 1299 2507 1322 2534; x_wconf 85' lang='lat' dir='ltr'><strong>a</strong></span> <span class='ocrx_word' id='word_1_302' title='bbox 1349 2494 1600 2546; x_wconf 85' lang='lat' dir='ltr'><strong>philosophia</strong></span> 
     </span>
    </p>
   </div>
   <div class='ocr_carea' id='block_1_4' title="bbox 332 2697 684 2740">
    <p class='ocr_par' dir='ltr' id='par_1_4' title="bbox 332 2697 684 2740">
     <span class='ocr_line' id='line_1_42' title="bbox 332 2697 684 2740; baseline -0.017 -8"><span class='ocrx_word' id='word_1_303' title='bbox 332 2698 369 2740; x_wconf 58' lang='lat'><strong>⁸)</strong></span> <span class='ocrx_word' id='word_1_304' title='bbox 394 2700 428 2731; x_wconf 81' lang='grc' dir='ltr'><strong>Ρ.</strong></span> <span class='ocrx_word' id='word_1_305' title='bbox 454 2698 515 2728; x_wconf 75' lang='lat'><strong>271</strong></span> <span class='ocrx_word' id='word_1_306' title='bbox 542 2712 583 2719; x_wconf 93' lang='lat'>—</span> <span class='ocrx_word' id='word_1_307' title='bbox 609 2697 684 2727; x_wconf 74' lang='lat'><strong>272.</strong></span> 
     </span>
    </p>
   </div>
  </div>
 </body>
</html>
