1624 2904
291 119 375 160 260
741 115 1152 159 PROLEGOMENA

401 230 552 271 Neutra
580 229 717 270 harum
747 229 917 282 partium
946 231 1002 268 ita
1030 233 1201 270 tractata
1230 235 1306 279 est,
1336 235 1378 270 ut
1407 231 1504 271 nihil
1534 233 1603 272 ‹le-

292 289 515 333 siden-etur,
554 286 661 337 quod
697 286 745 324 ad
774 287 916 324 iustam
944 288 1166 338 argumenti
1190 288 1492 338 explicationem
1521 302 1604 328 me-

294 346 371 382 rito
399 343 601 394 requiras,
628 342 725 382 nihil
753 342 989 380 inculcatum
1018 343 1282 393 reperiatur,
1305 344 1409 394 quod
1437 345 1499 383 vel
1529 346 1606 384 alio

294 399 411 438 modo
439 395 679 437 illustratum
694 397 757 436 vel
786 399 942 436 omnino
963 398 1151 437 omissum
1182 411 1273 437 esse
1301 400 1450 450 cupias.
1507 400 1608 440 Nam

294 457 332 494 in
362 456 497 506 priore
525 454 682 505 quidem
710 458 826 505 parte
854 465 970 492 nemo
1001 454 1079 492 erit
1108 455 1199 505 quin
1218 454 1486 506 sophistarum
1514 457 1607 495 irri-

293 512 446 550 sionem
482 510 708 558 desideret,
747 521 913 560 quorum
941 510 1089 548 multos
1119 515 1276 550 constat
1306 511 1510 550 doctrinae
1537 524 1606 551 co-

294 568 360 618 pia
388 571 431 605 et
458 567 649 605 varietate
673 563 931 604 vehementer
952 566 1208 617 superbiisse.
1266 566 1363 615 Quis
1392 571 1456 606 est
1472 567 1609 618 igitur,

295 624 361 674 qui
390 623 595 661 Platonem
635 622 710 661 sibi
743 621 982 672 persuadeat
1010 622 1102 660 illos
1131 634 1208 661 non
1236 621 1365 661 fuisse
1393 624 1609 673 castigatu-

292 691 378 717 rum
413 682 455 717 et
495 679 651 717 omuino
690 687 767 715 non
803 677 1133 727 significaturum,
1170 678 1326 728 quinam
1362 678 1422 717 illi
1458 684 1609 728 essent,

291 735 480 773 adversus
502 745 605 784 quos
625 732 725 771 hanc
745 731 1054 783 disputationem
1071 734 1342 772 instituisset?
1397 734 1609 773 Enimvero

293 789 396 841 quod
426 802 449 828 e
474 787 564 828 loco
602 786 861 838 Diogenis
898 787 1069 827 Laert.
1107 788 1174 830 lX.
1203 788 1297 838 31,
1326 789 1389 827 vel
1417 795 1609 842 corrupto

290 847 362 884 illo
390 845 453 884 vel
480 845 583 884 male
614 845 835 892 intellecto,
864 844 1113 895 collegerunt
1140 845 1332 884 musicum
1353 845 1474 884 istum
1503 858 1609 885 ama·

291 906 443 949 torem,
474 901 540 952 qui
567 900 862 952 philosophiam
890 900 1103 951 multiplici
1131 904 1175 939 et
1202 901 1306 939 varia
1333 900 1512 940 doctrina
1539 903 1608 941 ab·

291 958 391 997 solvi
423 956 591 1004 statuit,
633 955 855 995 Democriti
892 959 1028 1006 partes
1067 967 1209 1007 agere,
1239 969 1285 994 ea
1313 957 1540 996 coniectura
1569 962 1613 997 et

291 1012 454 1051 incertis
482 1012 620 1050 nititur
650 1011 940 1062 suspicionibus
969 1016 1010 1051 et
1039 1024 1113 1062 per
1133 1023 1177 1050 se
1205 1011 1412 1051 admodum
1441 1013 1610 1052 absurda

292 1074 356 1107 est
385 1073 427 1106 et
453 1068 634 1113 inficeta3
673 1066 712 1105 id
754 1066 857 1117 quod
894 1078 970 1105 non
1002 1067 1212 1106 obscurum
1241 1069 1319 1107 erit
1347 1068 1418 1116 iis,
1457 1070 1523 1120 qui
1557 1070 1611 1108 li-

290 1126 405 1163 brum
435 1124 519 1162 sine
546 1121 811 1174 praeiudicata
834 1123 1018 1173 opinione
1036 1123 1292 1173 perlegerint.
1348 1123 1407 1162 Ac
1435 1137 1487 1163 ne
1515 1137 1608 1163 ver·

292 1181 383 1219 bum
413 1179 571 1230 quidem
599 1180 813 1229 reperitur,
836 1190 922 1228 quo
951 1178 1222 1217 Democritum
1252 1179 1464 1229 significari
1492 1180 1609 1219 affir-

290 1246 397 1274 mare
426 1236 558 1273 liceat.
615 1235 753 1285 ltaque
789 1235 936 1272 nullum
975 1247 1049 1285 per
1084 1238 1213 1273 totum
1249 1247 1471 1274 sermonem
1499 1230 1608 1275 inve·

291 1293 398 1330 nitur
426 1291 632 1341 vestigium
662 1290 855 1328 irrisionis
886 1290 992 1328 illius
1023 1294 1064 1329 et
1092 1291 1340 1338 urbanitatis,
1370 1303 1445 1341 qua
1472 1290 1610 1331 Plato-

290 1348 350 1386 nis
380 1347 525 1397 dialogi
553 1347 592 1384 in
621 1345 806 1384 similium
834 1350 1152 1396 argumentorum
1182 1347 1419 1385 tractatione
1447 1359 1606 1387 versan-

291 1408 354 1441 tes
382 1402 530 1440 couditi
559 1413 652 1439 esse
680 1401 824 1447 solent,
855 1413 930 1439 nec
958 1401 1209 1452 intelligitur,
1239 1402 1286 1440 ad
1317 1414 1502 1452 quosnam
1533 1415 1606 1454 po·

291 1460 485 1497 tissimum
504 1456 766 1508 philosophos
791 1456 1010 1507 disputatio
1027 1458 1240 1509 pertineat.
1288 1458 1400 1507 Quod
1419 1458 1608 1509 profecto

292 1519 354 1553 est
383 1514 599 1561 eiusmodi,
669 1517 685 1551 t
713 1513 790 1550 arti
818 1517 862 1551 et
889 1513 1031 1551 rationi
1068 1512 1247 1552 Platonis
1275 1526 1439 1564 prorsus
1469 1515 1606 1553 adver-

293 1572 372 1609 sari
400 1570 632 1608 dicendum·
732 1569 798 1619 qui
826 1580 1015 1619 quaenam
1038 1573 1148 1608 esset
1177 1569 1416 1620 scriptorum
1445 1583 1607 1610 suorum

292 1639 381 1665 cum
421 1627 508 1677 ipsa
546 1625 597 1663 l
709 1637 746 1662 m
784 1624 863 1662 vita
900 1625 1124 1662 coniunctio
1156 1628 1199 1662 et
1226 1626 1474 1664 necessitudo
1501 1639 1605 1665 nun·

293 1695 407 1733 quam
435 1693 510 1720 non
540 1676 783 1730 significavit.
841 1678 920 1717 Sed
948 1680 1062 1729 peius
1093 1679 1210 1718 etiam
1239 1681 1413 1732 scriptor
1449 1682 1488 1720 in
1526 1694 1606 1733 po·

292 1739 465 1776 steriore
497 1736 589 1774 libri
629 1738 743 1786 parte
769 1746 854 1789 rem
883 1734 1178 1775 administravit.
1234 1734 1312 1774 Hic
1341 1737 1443 1775 enim
1473 1737 1607 1788 philo-

292 1793 461 1844 sophum
489 1792 634 1830 bonum
662 1787 822 1841 regem,
851 1790 995 1829 bonum
1023 1791 1329 1841 imperatorem,
1359 1793 1503 1832 bonum
1528 1806 1607 1845 pa-

292 1853 397 1888 trem
428 1847 624 1894 familias,
663 1846 832 1897 denique
875 1847 1000 1885 virum
1026 1847 1169 1886 utilem
1193 1859 1284 1886 esse
1313 1847 1604 1888 demonstratu-

290 1917 358 1944 rus
385 1904 577 1943 iustitiam
605 1914 693 1946 cum
723 1903 985 1953 temperantia
1024 1903 1062 1940 ei
1099 1903 1294 1945 attribuit.
1351 1904 1406 1943 At
1433 1905 1604 1955 primum

289 1960 502 2008 iustitiam,
532 1970 646 2010 quam
677 1958 762 1997 vult
788 1970 880 1997 esse
908 1970 993 1996 eam
1020 1959 1221 2007 virtutem,
1251 1971 1352 2010 quae
1381 1972 1492 1999 suum
1521 1962 1603 1999 cui-

288 2029 366 2067 que
394 2016 565 2059 tribuat,
594 2018 748 2052 temere
776 2014 1008 2065 permiscuit
1036 2026 1124 2053 cum
1152 2027 1198 2053 re
1225 2015 1448 2064 iudiciaria,
1478 2015 1623 2056 omni·-⁴

287 2085 418 2123 noque
446 2071 622 2111 definivit
649 2071 728 2136 ita,
770 2075 816 2109 ut
857 2082 879 2107 a
908 2069 1084 2108 Platonis
1114 2064 1313 2110 sententia
1340 2071 1458 2122 longe
1487 2073 1602 2112 aber-

286 2129 443 2167 raverit.
502 2125 653 2165 Deinde
688 2126 764 2164 vim
804 2121 1092 2179 σωφροσύνης
1125 2138 1212 2165 eam
1249 2127 1373 2180 voluu
1401 2139 1518 2176 esse,
1556 2131 1601 2167 ut

285 2196 361 2222 non
391 2183 510 2222 modo
544 2182 811 2248 nosmetipsos
847 2182 919 2219 sed
959 2182 1078 2219 etiam
1116 2182 1214 2221 alios
1251 2194 1481 2231 noscamus,
1521 2196 1605 2235 quo

284 2241 432 2278 rectius
461 2239 512 2277 de
541 2240 588 2276 iis
619 2238 819 2288 possimus
845 2237 1040 2275 iudicare:
1068 2238 1108 2275 in
1138 2249 1216 2288 quo
1243 2249 1380 2277 rursus
1409 2251 1431 2276 a
1458 2239 1598 2278 Plato—

283 2296 343 2333 nis
384 2296 536 2340 ratione
574 2306 713 2344 magna
753 2293 861 2331 facta
889 2293 1082 2332 discessio
1113 2297 1189 2333 est.
1246 2293 1347 2332 Tum
1377 2295 1598 2334 universam

282 2350 574 2401 philosophiam
606 2351 720 2387 unice
748 2349 796 2387 ad
827 2349 1008 2388 utilitatis
1038 2349 1229 2387 rationem
1249 2351 1459 2398 revocavit,
1491 2350 1595 2401 quod

281 2406 489 2445 Platonem
527 2410 775 2455 compertum
811 2405 1001 2444 habemus
1037 2416 1087 2443 ne
1125 2404 1195 2442 illo
1225 2405 1381 2455 quidem
1411 2409 1596 2457 tempore

281 2462 452 2510 fecisse,
491 2473 568 2512 quo
603 2461 837 2499 adolescens
877 2460 1083 2499 Socratem
1119 2461 1283 2498 maxime
1312 2465 1488 2500 sectatus
1517 2466 1592 2501 est.

279 2518 459 2569 Denique
486 2517 592 2556 nulla
619 2517 754 2555 habita
782 2521 846 2555 est
876 2517 1181 2568 prudentiae-et
1209 2515 1456 2556 fortitudInis
1475 2518 1591 2566 ratio,

278 2587 374 2624 quas
414 2578 546 2612 tamen
584 2573 750 2610 virtutes
785 2572 832 2611 ad
871 2573 1103 2623 sapientiam
1137 2571 1199 2609 vel
1238 2573 1403 2611 maxime
1441 2573 1591 2624 requiri

276 2630 430 2669 Platoni
460 2630 611 2680 pariter
648 2634 767 2678 atque
797 2628 951 2667 Socrati
987 2639 1219 2678 persuasum
1249 2627 1339 2670 fuit.
1395 2628 1449 2667 Et
1480 2642 1586 2683 φρο-
