1624 2904
241 129 271 167 8
711 125 1127 170 PROLEGOMENA
1487 142 1499 164 ἱ

760 216 767 234 1
950 216 954 220 ·
1078 230 1079 233 ,
1222 225 1224 228 v
1256 227 1261 231 ,a
1511 230 1514 234 .

252 241 339 285 est,
375 237 434 276 ita
471 238 653 277 evenisse
689 239 825 290 eequis
862 242 948 289 est,
989 241 1055 291 qui
1090 240 1285 281 miretur-‘3
1352 242 1506 295 Nempe
1536 247 1575 285 in

251 293 462 334 discrimen
500 300 637 332 vocata
664 299 750 333 erat
773 295 897 345 ipsius
936 296 1159 335 honestatis
1189 310 1234 335 ac
1261 299 1416 338 virtutis
1447 301 1578 351 digni-

254 355 338 396 tas,
370 348 563 399 siquidem
591 349 689 389 illud
719 352 924 402 agebatur,
952 357 1116 390 essetne
1144 353 1267 392 virtus
1297 367 1342 393 se
1365 357 1452 406 ipsa
1484 370 1578 395 con-

258 409 392 453 tenta,
428 417 475 443 an
515 406 570 459 ad⁴
603 407 799 445 commodi
829 412 872 445 et
902 408 1084 446 utilitatis
1115 409 1287 448 studium
1317 413 1482 450 maxime
1512 425 1578 451 re-

259 461 359 499 ferri
397 459 575 500 deberet.
639 463 750 512 Quae
787 462 944 513 quidem
983 463 1032 501 lis
1072 475 1121 501 eo
1159 466 1314 514 gravior
1341 467 1438 515 suit,
1476 468 1581 518 quod

261 517 425 568 patebat
458 517 678 566 latissime,
717 531 846 568 neque
883 518 931 556 ad
962 519 1140 558 eruditos
1169 524 1320 559 tantum
1348 524 1411 560 vel
1438 523 1579 562 doctos

261 573 441 611 homines
483 575 733 624 pertinebat,
770 573 841 612 sed
879 576 1086 625 spectabat
1125 575 1174 613 ad
1202 577 1422 617 universam
1450 580 1581 618 Athe-

261 629 454 668 niensium
491 629 570 668 imo
610 642 706 669 vero
734 629 978 670 Graecorum
1007 635 1182 682 gentem.

371 705 471 745 Nam
510 719 559 746 ex
596 718 673 758 quo
711 710 893 756 tempore
931 712 1046 747 aucta
1091 709 1272 759 populari
1318 710 1583 750 dominatione

261 762 470 812 unicuique
498 763 638 802 civium
669 762 970 803 Atheniensium
1010 765 1071 802 via
1106 765 1154 802 ad
1194 778 1367 804 summos
1412 767 1586 806 honores

262 819 300 856 in
330 818 531 868 republica
560 819 735 869 patebat,
764 817 936 868 plurimi,
967 819 1067 858 mala
1088 821 1300 860 ambitione
1323 824 1515 873 correpti,
1544 824 1585 862 id

265 873 340 911 sibi
378 874 571 924 agendum
608 878 819 927 putarunt,
863 878 907 913 ut
953 874 1000 912 ad
1047 876 1258 926 gerendam
1304 880 1586 927 rempublicam

265 929 397 967 idonei
427 930 659 978 evaderent,
683 933 807 982 atque
836 941 970 968 earum
1000 943 1135 971 rerum
1162 933 1340 971 notitiam
1369 935 1431 971 vel
1461 934 1586 972 sacul-

265 989 387 1024 tatem
417 988 780 1036 consequerentur,
808 984 911 1024 uude
941 986 1144 1036 aliquando
1175 988 1351 1029 futurum
1385 995 1515 1036 esset,
1544 994 1588 1028 ut

263 1041 304 1080 in
343 1041 501 1079 civitate
539 1041 636 1079 clari
675 1044 716 1079 et
751 1041 934 1079 honorati
973 1044 1222 1081 exsisterent.
1281 1046 1394 1093 Quod
1432 1046 1587 1095 quidem

265 1108 310 1135 se
339 1096 554 1136 effecturos
583 1108 674 1137 esse
701 1097 989 1146 profitebantur
1020 1099 1241 1149 sophistae,
1279 1094 1423 1153 quise
1452 1102 1587 1153 perfe-

268 1156 358 1191 ctos
394 1153 554 1192 virtutis
597 1151 754 1191 scilicet
780 1153 995 1202 magistros
1025 1153 1268 1196 dictitabant.

378 1229 539 1270 Etenim
567 1230 723 1269 virtutis
753 1241 896 1268 nomeu
925 1242 1041 1280 quum
1063 1237 1228 1283 propter
1255 1234 1422 1273 ambitus
1442 1236 1590 1284 magni—-

270 1284 445 1324 tudinem
486 1285 599 1324 valde
640 1289 750 1324 esset
778 1285 1001 1336 ambiguum
1031 1292 1151 1338 atque
1178 1290 1412 1336 obscurum,
1441 1290 1499 1327 illi
1527 1292 1589 1329 in-

270 1342 593 1393 terpretabantur
632 1342 714 1397 sie,
750 1345 794 1380 ut
834 1342 952 1382 missa
979 1355 1097 1380 verae
1125 1344 1348 1383 honestatis
1377 1358 1421 1383 ac
1453 1347 1589 1395 probi-

270 1398 364 1436 tatis
401 1398 438 1438 vi
475 1398 591 1437 unice
629 1397 680 1437 de
715 1396 925 1448 prudentia
962 1398 1066 1438 civili
1104 1412 1148 1438 ae
1178 1400 1395 1440 domestica
1422 1403 1589 1452 cogitari

269 1453 416 1492 vellent
439 1465 568 1504 eoque
597 1453 715 1492 modo
745 1458 869 1493 totam
898 1453 1084 1494 virtutem
1113 1455 1160 1493 ad
1188 1456 1370 1494 callidum
1399 1457 1593 1506 quoddam

270 1508 452 1548 utilitatis
484 1510 547 1547 vel
575 1510 757 1559 privatim
786 1509 848 1549 vel
875 1510 1034 1559 publice
1063 1512 1363 1565 consequendae
1381 1514 1591 1552 artificium

270 1571 515 1606 revocarent.
580 1564 642 1605 Ex
678 1577 756 1618 quo
794 1569 923 1603 tamen
962 1565 1001 1604 id
1040 1568 1193 1615 evenit,
1231 1567 1335 1618 quod
1382 1581 1470 1607 cum
1518 1570 1595 1608 ista

271 1621 428 1663 virtutis
463 1620 681 1662 tradendae
717 1620 970 1671 professione
1000 1622 1166 1661 mirifice
1194 1624 1403 1673 pugnabat.
1459 1624 1596 1664 Rediit

274 1676 378 1715 enim
407 1680 493 1717 tota
519 1677 587 1716 illa
610 1676 659 1718 ad
686 1678 874 1716 virtutem
903 1677 1115 1726 institutio,
1144 1678 1179 1717 si
1195 1691 1329 1720 verum
1355 1682 1594 1729 quaerimus,

276 1732 446 1785 denique
475 1732 524 1773 ad
552 1745 701 1773 meram
731 1733 996 1784 opinationem
1026 1737 1069 1775 et
1096 1735 1250 1775 inanem
1279 1735 1468 1788 quandam
1498 1749 1597 1776 con-

277 1788 435 1827 iiciendi
464 1789 762 1839 hariolandique
790 1789 1029 1838 sollertiam,
1068 1791 1272 1842 caruitque
1309 1802 1425 1831 verae
1464 1793 1598 1831 scieu-

278 1845 357 1883 tiae
386 1849 428 1885 et
458 1848 593 1885 certae
622 1844 747 1885 officii
775 1846 1042 1899 persuasionis
1071 1846 1262 1887 firmitate
1296 1851 1340 1887 et
1368 1850 1599 1887 constantia.

278 1899 376 1941 Nam
404 1900 590 1943 utilitatis
617 1901 719 1941 ratio
749 1901 838 1953 quia
866 1902 1073 1952 multiplex
1113 1906 1177 1941 est
1209 1907 1340 1954 neque
1368 1915 1416 1941 ex
1446 1916 1490 1944 se
1517 1905 1601 1955 ipsa

278 1960 348 1996 aut
390 1969 438 1998 ex
465 1958 610 1997 mentis
646 1957 751 1998 bene
790 1959 1034 2010 compositae
1062 1958 1200 2003 habitu
1229 1959 1502 2010 suspenditur,
1531 1960 1602 1998 sed

278 2023 327 2051 ex
362 2013 482 2053 rebus
521 2014 719 2061 externis,
760 2025 861 2067 quae
895 2019 1090 2064 perpetuo
1130 2018 1367 2062 mutantur?
1390 2016 1484 2057 fieri
1524 2028 1602 2055 non

278 2071 417 2124 potest
444 2073 489 2109 ut
516 2081 675 2123 semper
704 2069 757 2109 sit
783 2082 860 2109 una
889 2075 932 2108 et
959 2071 1238 2119 immutabilis,
1275 2070 1347 2111 sed
1375 2083 1448 2123 pro
1476 2073 1603 2110 varie·

280 2127 364 2162 tate
392 2137 525 2166 rerum
555 2130 801 2166 externarum
819 2153 831 2172 ,
861 2138 961 2178 quae
988 2130 1247 2180 expetuntur,
1275 2127 1394 2166 etiam
1421 2128 1515 2181 ipsa
1532 2139 1604 2166 va·-

279 2180 408 2220 rietur
445 2194 614 2222 necesse
645 2185 727 2222 est.
791 2180 905 2221 Hanc
932 2182 1054 2233 igitur
1082 2183 1147 2235 qui
1175 2183 1238 2222 vel
1266 2183 1353 2235 ipse
1381 2183 1420 2223 in
1448 2183 1602 2234 agendo

281 2237 464 2287 sequitur
489 2238 553 2276 vel
578 2237 665 2276 aliis
695 2236 932 2287 sequendam
963 2238 1233 2285 commendat,
1259 2239 1294 2276 is
1325 2239 1476 2278 carebit
1504 2251 1601 2278 sane

277 2293 392 2332 'certa
421 2296 462 2331 et
485 2297 677 2346 perpetua
705 2292 808 2343 lege,
839 2293 886 2331 ad
920 2307 1034 2347 quam
1061 2295 1230 2335 honeste
1256 2294 1398 2345 agendi
1426 2295 1601 2335 studium

282 2346 497 2398 dirigatur,
527 2355 647 2399 atque
674 2361 696 2386 a
726 2353 836 2389 certa
861 2354 1000 2388 rectae
1028 2350 1238 2391 voluntatis
1267 2352 1507 2391 conscientia
1535 2351 1601 2389 of-

279 2402 440 2454 ¹liclique
480 2405 735 2455 persuasione
770 2408 848 2445 tam
888 2406 1027 2456 procul
1055 2407 1200 2455 aberit,
1238 2409 1282 2446 ut
1308 2407 1376 2444 uni
1405 2408 1596 2458 opinionis

280 2459 532 2499 coniecturae
570 2460 771 2501 confidere
810 2471 933 2516 seque
970 2461 1157 2504 fortunae
1183 2463 1401 2506 temeritati
1428 2464 1598 2505 emanci-

282 2527 376 2567 pare
404 2521 566 2555 coactus
595 2517 662 2558 sit.
1413 2522 1416 2525 ’

384 2581 568 2621 'Per-vidit
605 2579 706 2624 hanc
739 2583 931 2634 opinionis
953 2584 1075 2624 ,istius
1103 2585 1405 2635 perversitatem
1435 2585 1599 2636 eiusque

283 2637 565 2692 turpitudinem
602 2639 742 2681 intimo
772 2642 894 2683 sensit
926 2647 1089 2693 pectore
1116 2642 1175 2683 vir
1203 2641 1440 2683 sanctissimi
1467 2641 1596 2689 animi,
