1624 2904
216 152 299 194 DE
336 143 758 191 EUTHYDEMO
794 141 1142 188 PLATONIS.
1289 140 1347 183 15

9 270 204 313 scientiae
240 270 382 306 natura
423 264 464 303 in
501 261 734 302 Theaeteto
771 258 957 299 instituta
988 259 1030 299 in
1066 259 1149 299 hoc
1195 259 1352 311 scripto

12 321 200 371 subtilius
238 324 448 375 exponitur
486 323 554 359 aut
581 318 807 358 illustratur
834 316 1012 356 uberius.
1070 317 1271 367 Quocirca
1299 327 1352 354 ne

16 379 559 428 Schleiermacherus
605 375 766 427 quidem
823 373 972 412 nodum
1028 374 1176 423 istum,
1233 385 1354 426 quem

15 443 196 485 Astius
232 439 431 478 violenter
471 433 686 474 secandum
728 431 888 479 statuit,
917 430 1001 469 ullo
1030 431 1152 470 modo
1183 429 1356 482 expedi-

16 501 126 540 visse
154 497 325 537 videtur.
380 493 523 543 Neque
551 491 627 529 viri
654 488 876 529 acutissimi
898 487 1088 527 iudicium
1119 487 1357 527 Sochero

17 561 88 597 aut
105 555 157 595 W
170 552 387 593 inckelm
400 563 457 588 an
467 562 492 588 n
501 561 539 594 o,
567 559 723 599 nupero
742 546 835 585 libri
853 545 1015 594 editori,
1045 546 1258 598 probatum
1277 547 1359 593 est,

20 626 188 666 quorum
216 611 283 649 hic
309 608 464 660 pariter
491 609 612 657 atque
639 605 710 643 ille
738 603 788 643 ab
817 603 904 642 eius
934 603 1124 654 opinione
1151 599 1263 641 s'uam
1293 614 1361 641 se-

19 671 145 711 iunxit
181 666 433 707 sententiam.
499 662 767 701 Socherus
805 660 910 699 enim
949 659 1162 700 Platonem
1202 658 1364 698 censuit

19 739 139 767 verae
168 727 460 777 germanaeque
490 719 776 772 philosophiae
806 717 1042 769 dignitatem
1071 717 1250 756 voluisse
1275 716 1363 754 vin-

20 785 155 823 dicare
184 782 232 821 ab
261 779 476 833 ignominia
507 783 550 816 et
578 777 682 815 mala
710 775 1020 824 existimatione,
1056 787 1158 827 quae
1187 775 1226 813 ei
1255 771 1363 825 apud

21 841 170 881 multos
209 851 284 890 per
311 836 514 888 improbas
544 835 800 873 eristicorum
830 837 940 871 artes
970 833 1142 871 conflata
1172 836 1286 870 esset
1305 827 1363 884 *).

21 895 473 938 Winckelmannus
507 896 640 931 autem
670 891 710 929 in
742 903 828 928 eam
858 890 1079 941 disputavit
1108 889 1366 936 sententiam,

21 958 68 994 ut
104 954 315 994 Platonem
356 950 545 990 statuerit
581 948 786 987 luculento
826 948 1011 999 exemplo
1050 947 1258 986 declarare
1295 957 1368 983 vo-

21 1012 170 1060 luisse,
209 1014 357 1063 quanto
394 1006 608 1046 intervallo
651 1004 822 1044 distaret
860 1005 1026 1044 eristica
1075 1004 1368 1056 sophistarum.

23 1070 236 1107 verborum
267 1066 537 1116 ambiguitatis
576 1074 724 1113 auceps
764 1066 808 1101 et
849 1063 998 1101 mentis
1028 1061 1315 1114 perturbatrix,
1347 1072 1372 1098 a

26 1126 236 1165 dialectica
265 1123 484 1170 Socratica,
514 1124 557 1160 et
587 1119 713 1172 qualis
745 1123 858 1158 esset
885 1120 1096 1172 utriusque
1115 1119 1276 1158 fructus
1288 1115 1372 1171 **).

26 1184 113 1224 Nec
153 1194 248 1221 vero
288 1179 426 1231 negari
466 1182 605 1231 potest
650 1181 866 1228 utrumque
914 1177 1191 1229 superioribus
1242 1174 1372 1215 multo

27 1241 195 1294 propius
233 1238 283 1278 ad
322 1249 460 1275 verum
500 1235 736 1274 accessisse.
803 1235 1035 1286 Quanquam
1078 1233 1263 1285 equidem
1293 1244 1374 1270 non

28 1298 228 1345 adducor,
267 1299 314 1334 ut
348 1307 483 1333 veram
529 1293 727 1331 rationem
757 1292 806 1330 ab
839 1291 888 1329 iis
926 1303 1215 1342 usquequaque
1253 1294 1376 1341 pate-

31 1356 180 1395 factam
215 1364 307 1391 esse
344 1351 441 1388 mihi
482 1349 760 1400 persuadeam.
818 1347 918 1386 Nam
954 1345 1376 1388 Winckelmanni

33 1411 193 1464 quidem
221 1409 326 1447 ratio
349 1407 429 1445 hoc
457 1406 581 1444 habet
608 1405 863 1453 incommodi,
894 1406 999 1457 quod
1030 1419 1079 1445 ex
1108 1418 1155 1443 ea
1184 1417 1262 1444 non
1279 1415 1376 1455 per-

34 1468 227 1519 spicitur,
267 1477 345 1516 quo
383 1463 540 1502 vinculo
580 1466 786 1513 postrema
823 1464 1018 1501 sermonis
1060 1461 1257 1513 particula
1285 1472 1378 1499 cum

35 1526 245 1565 universae
283 1520 565 1572 disputationis
601 1519 759 1557 ratione
798 1521 1076 1559 contineatur:
1117 1518 1225 1571 quod
1263 1520 1379 1557 certe

37 1584 124 1621 inre
153 1580 377 1629 meritoque
406 1577 601 1628 requiras,
631 1576 708 1615 nisi
728 1576 940 1616 Platonem
969 1578 1101 1629 ipsum
1123 1576 1260 1628 operis
1290 1575 1379 1613 uni-

37 1643 162 1678 tatem
202 1641 324 1687 atque
368 1634 668 1685 simplicitatem
709 1645 787 1672 non
817 1636 1020 1674 curavisse
1051 1639 1207 1673 temere
1238 1633 1383 1671 existi·

39 1708 151 1735 mare
178 1693 368 1734 volueris.
429 1691 563 1729 Soch
577 1703 694 1729 erus
724 1694 859 1729 autem
889 1693 969 1731 etsi
998 1704 1137 1731 omnes
1168 1703 1214 1729 ac
1244 1691 1383 1741 singu-

41 1753 101 1792 las
130 1752 326 1791 sermonis
354 1754 491 1801 partes
522 1748 744 1800 prudenter
771 1748 919 1789 iudicio
949 1763 1022 1788 suo
1054 1748 1288 1799 complexus
1318 1749 1384 1785 est

44 1814 101 1858 et,
131 1810 165 1848 si
195 1820 385 1848 summam
404 1807 464 1845 rei
483 1807 688 1853 aestimes,
720 1805 899 1846 fortasse
915 1820 1051 1846 verum
1073 1806 1289 1857 perspexit,
1318 1808 1382 1843 ta-

44 1879 136 1907 men
154 1879 228 1905 nec
258 1877 446 1916 quorsum
477 1863 632 1914 singula
660 1867 852 1913 spectent
882 1870 924 1903 et
952 1878 1066 1916 qnam
1097 1865 1174 1902 vim
1195 1863 1385 1910 habeant,

45 1928 231 1964 accurate
270 1922 479 1973 exposuit,
516 1927 560 1959 ut
589 1919 778 1972 profecto
808 1923 972 1961 multam
1003 1920 1235 1973 quaerendi,
1265 1919 1386 1958 dubi-

45 1981 180 2027 tandi,
210 1978 451 2030 obloquendi
479 1978 688 2016 materiam
716 1977 934 2029 reliquisse
962 1980 1156 2020 videatur.
1215 1977 1387 2027 Quocir-

47 2052 94 2078 ca
122 2038 237 2076 nobis
272 2037 398 2074 visum
439 2040 503 2074 est
541 2035 655 2073 aliam
692 2036 849 2087 ingredi
878 2037 1160 2088 disputationis
1187 2037 1313 2082 viam,
1343 2036 1389 2072 ut

47 2095 207 2135 tandem
249 2092 342 2143 quid
380 2092 431 2131 de
467 2093 642 2131 universi
681 2094 816 2143 operis
846 2099 1079 2146 argumento
1110 2098 1153 2131 et
1179 2091 1390 2143 proposito

47 2152 214 2192 iudicari
243 2153 451 2201 oporteat,
478 2151 514 2189 si
541 2150 632 2188 fieri
660 2151 812 2203 possit,
842 2157 956 2191 extra
985 2164 1143 2191 omnem
1173 2149 1391 2189 dubitatio-

50 2222 142 2250 nem
169 2214 353 2260 ponatur.

162 2287 423 2329 versabimur
461 2289 593 2325 autem
632 2287 672 2325 in
711 2286 830 2327 huius
878 2289 1102 2341 argumenti
1148 2286 1394 2326 tractatione

54 2346 138 2393 sic,
175 2349 222 2384 ut
257 2349 350 2383 ante
392 2343 522 2381 omnia
560 2344 653 2395 quid
692 2346 807 2384 nobis
849 2346 900 2385 de
930 2359 1082 2385 summa
1109 2347 1171 2384 rei
1197 2344 1393 2391 videatur,

54 2402 191 2454 paucis
221 2413 485 2453 exponamus3
517 2401 659 2439 deinde
692 2405 934 2443 sententiam
963 2407 1142 2442 nostram
1173 2400 1392 2440 enarrando

56 2460 205 2512 dialogi
231 2462 465 2513 argumento
492 2458 558 2497 vel
587 2458 835 2500 illustremus
861 2461 927 2500 vel
945 2460 1250 2508 confirmemus3
1279 2458 1396 2498 deni-

126 2659 168 2702 *)
194 2662 238 2694 V.
262 2661 313 2692 De
337 2663 466 2704 Script.
490 2664 579 2695 Plat.
604 2673 637 2703 p.
664 2666 740 2720 2l2.

103 2728 166 2771 Μ’)
188 2730 278 2763 Sunt
300 2730 383 2764 haec
407 2731 516 2774 ipsius
541 2734 648 2766 verba
672 2733 833 2776 Prolegg.
860 2734 903 2768 ad
925 2734 1133 2776 Euthydem·
1150 2741 1191 2773 {²-
1214 2729 1377 2763 ΧΧΧῘΠ·
