1624 2904
320 880 323 883 ¹
377 884 959 937 PROLEGOMENA

624 990 707 1044 AD

246 1097 1098 1163 THEAGEM.

111 1347 308 1402 Quoniam
344 1363 476 1404 nuper
510 1350 665 1391 versati
702 1349 743 1391 in
777 1347 858 1389 hoc
890 1348 1082 1402 negotio
1098 1359 1260 1400 sumus,
1296 1354 1343 1391 ut

4 1406 92 1448 ibri
120 1409 337 1449 Alcibiadis
367 1407 532 1449 secundi
562 1409 721 1447 nomine
749 1407 934 1458 inscripti
970 1406 1091 1446 fidem
1130 1412 1172 1447 et
1199 1411 1341 1447 aucto-

3 1466 181 1514 ritatem,
214 1466 291 1506 iam
332 1466 479 1506 dudum
506 1466 616 1505 illam
643 1465 949 1513 labefactatam,
985 1465 1146 1516 penitus
1175 1463 1342 1504 convel-

2 1531 173 1573 jteremus
203 1528 325 1575 atque
354 1529 645 1571 everteremus,
677 1521 777 1561 duos
806 1521 907 1560 alios
941 1521 1068 1559 libros
1097 1521 1217 1573 vulgo
1246 1521 1342 1560 Pla-

1 1580 82 1619 ἰωή
117 1579 346 1633 adscriptos
384 1593 487 1620 nunc
527 1580 752 1618 examinare
789 1577 950 1630 placet,
989 1590 1158 1629 quorum
1197 1578 1341 1618 similis

0 1648 118 1685 causa
146 1641 238 1685 est,
268 1637 480 1689 Theagem
509 1641 552 1676 et
580 1637 765 1676 Erastas.
822 1635 930 1685 Quas
961 1636 1204 1687 scriptiones
1233 1634 1341 1688 quod

0 1693 101 1733 {lunc
128 1694 381 1750 potissimum
411 1693 636 1733 tractandas
665 1693 931 1744 suscepimus,
960 1692 1152 1732 effectum
1183 1704 1235 1731 eo
1260 1695 1343 1743 est,

0 1749 105 1802 quod
149 1756 315 1803 utraque
353 1764 443 1790 cum
480 1750 647 1802 dialogis
677 1750 814 1802 quinto
842 1749 1043 1788 volumine
1071 1749 1343 1801 comprehen-

0 1807 57 1846 sis
84 1807 264 1857 adeoque
302 1821 390 1847 cum
426 1807 604 1847 Menone
644 1812 687 1847 et
714 1805 1012 1858 Euthyphrone
1045 1818 1127 1846 non
1157 1807 1342 1859 exiguam

0 1862 129 1921 ,habet
165 1866 496 1905 coniunctionem.
564 1863 666 1903 Nam
711 1864 902 1914 Theages
935 1863 1061 1902 multa
1098 1863 1223 1903 habet
1251 1873 1343 1903 cum

3 1918 180 1960 Lachete
217 1926 260 1961 et
297 1920 505 1961 Alcibiade
542 1922 788 1967 communia;
829 1920 988 1959 Erastis
1029 1924 1163 1960 autem
1193 1920 1342 1972 aliquid

2 1977 309 2020 necessitudinis
348 1976 565 2016 intercedit
606 1989 696 2016 cum
735 1977 964 2018 Charmide.
1029 1977 1229 2027 Quocirca
1264 1985 1344 2018 non

2 2046 209 2084 veremur,
237 2047 290 2074 ne
317 2034 393 2073 hos
422 2034 548 2073 libros
575 2034 654 2073 iam
682 2046 706 2073 a
735 2034 852 2073 nobis
880 2038 1084 2086 utcunque
1117 2034 1344 2075 illustratos

2 2091 42 2132 ln
79 2091 210 2131 lucem
249 2092 484 2131 emittentes
528 2091 704 2131 instituti
750 2091 883 2131 nostri
919 2091 1177 2132 immemores
1213 2090 1345 2133 fuisse

1 2147 216 2189 videamur.

116 2205 173 2246 Et
214 2205 266 2244 de
299 2205 461 2244 Erastis
499 2203 658 2256 quidem
687 2216 760 2244 suo
793 2202 886 2244 loco
916 2204 1175 2247 disseremus.
1228 2203 1346 2246 Nunc

5 2262 281 2315 explicandum
320 2262 371 2300 de
412 2262 582 2313 Theage
618 2264 705 2309 est3
745 2261 796 2301 de
834 2274 913 2313 quo
941 2262 1045 2301 libro
1073 2269 1120 2302 ut
1148 2263 1344 2315 agendum

8 2320 63 2359 sit
89 2320 223 2372 paullo
254 2319 482 2370 copiosius,
521 2318 621 2357 facit
652 2318 822 2357 Soche
838 2319 878 2357 ri
907 2318 969 2358 De
998 2318 1171 2371 Scriptis
1200 2319 1344 2359 Plato-

9 2376 83 2429 nis·
109 2390 150 2429 p.
184 2377 241 2415 92
279 2389 364 2428 sqq*
411 2380 455 2415 et
492 2374 770 2424 Knebelii,
807 2376 952 2428 nuperi
991 2377 1183 2425 editoris,
1212 2376 1264 2416 de
1293 2388 1344 2416 eo

12 2433 220 2475 sententia.
284 2433 340 2472 Ili
373 2433 498 2481 enim,
538 2445 657 2484 quum
694 2431 981 2482 Boeckhii,
1018 2433 1344 2483 Heindorfii,

11 2489 180 2539 Astii,
219 2489 709 2528 Schleiermnclieri
745 2489 901 2530 iudiciis
929 2503 1048 2529 causa
1074 2494 1216 2542 posset
1243 2502 1346 2542 pro-

12 2545 329 2598 fligatmvideri,
362 2547 485 2586 fidem
525 2549 569 2585 et
603 2548 883 2586 auctoritatem
921 2547 1050 2586 libelli
1078 2549 1135 2587 ita
1164 2547 1347 2586 stabilire

8 2615 56 2641 uc
83 2606 309 2642 sustentare
336 2604 469 2643 conati
498 2607 613 2651 sunt,
650 2606 696 2642 ut
729 2603 822 2655 quid
849 2603 1017 2644 iudicari
1046 2607 1252 2657 oporteat,
1282 2602 1344 2644 fa-

7 2658 86 2700 cile
112 2660 247 2714 possis
273 2660 404 2702 denuo
431 2660 637 2703 haesitare
659 2662 781 2713 atque
799 2661 1018 2714 ambigere.

860 2740 967 2781 16·
