1624 2904
319 154 399 197 nu
434 126 859 198 aururnamo
902 145 1246 193 rumonus,
1356 148 1457 196 m.
1504 139 1508 142 ⁴

105 273 172 310 est
207 272 379 310 tractata
410 271 453 307 et
485 263 683 317 explicata
718 264 839 303 etiam
878 261 928 302 ab
966 261 1070 311 aliis,
1110 263 1208 303 satis
1245 261 1325 304 erit
1360 260 1443 302 hoc

104 340 224 367 unum
261 326 481 373 adiecisse,
527 323 733 362 Platonem
783 322 916 372 ipsum
961 319 1002 360 in
1043 320 1302 374 Euthydemo
1347 319 1443 361 huic

107 384 284 438 opinioni
314 383 484 424 maxime
512 392 606 420 esse
633 378 900 418 adversatum.

475 568 768 630 ELENcnUs
799 567 1062 614 comch.

218 677 544 718 Bodleianus
573 673 1034 718 s4c1arkianus.-
1073 671 1443 716 coislinianus

109 733 204 790 (Γ).
227 735 472 777 Vaticani
508 733 545 774 ζ’)
577 738 621 772 et
650 743 680 773 t.
711 731 905 772 Veneti
935 728 1034 774 ΞΣ.
1084 729 1254 773 Paria.
1287 732 1334 772 B.
1363 746 1444 784 quo

106 806 204 832 usus
243 797 308 831 est
341 792 566 838 Routhius,
602 794 645 828 et
682 788 844 827 Paris.
887 787 971 829 ΟΕ.
1020 787 1311 839 Angelicus
1370 803 1405 828 w
1429 818 1443 832 .

106 849 426 889 Barberinus
481 845 578 902 (y).
626 845 900 885 Palatinus
939 841 1030 896 (e).
1086 845 1314 886 Urbinas
1349 787 1444 901 {f}

106 906 496 960 vindobonensi.
533 905 602 943 54.
642 901 788 957 (nobis
812 898 874 954 r).
916 900 1053 943 Flor.
1085 915 1118 941 a.
1152 904 1190 945 b,
1220 916 1255 942 c.
1285 916 1322 943 ο,
1352 904 1445 943 Pa..

109 963 223 1012 lat,
262 976 379 1016 quem
423 962 666 1001 Creuzer.
707 958 1013 1007 nominavimus,
1051 959 1157 999 unde
1185 961 1245 999 vir
1272 961 1444 1001 illustria

108 1026 321 1073 excerptas
356 1020 553 1058 lectiones
595 1016 706 1056 dedit
738 1017 778 1054 in
813 1014 979 1057 Melett.
1020 1015 1141 1059 Critt.
1176 1016 1294 1060 Fasc.
1334 1019 1366 1060 Ι.
1403 1031 1445 1070 p.

108 1079 192 1118 100
220 1091 279 1130 sq.
338 1077 487 1129 Optimi
517 1079 610 1114 sunt
636 1072 779 1114 Bodl.
810 1072 963 1111 Coisl.
993 1072 1105 1113 vat.
1140 1072 1190 1114 Θ.
1219 1074 1444 1116 vindob.

108 1140 152 1174 et
180 1135 424 1175 Creuzer.
482 1133 713 1184 Quanquam
740 1131 790 1168 iis
820 1141 898 1168 non
915 1133 1070 1169 tantum
1092 1135 1157 1170 est
1174 1132 1446 1180 tribuendum,

106 1195 152 1232 ut
185 1193 330 1244 ubique
367 1194 437 1229 aut
474 1202 609 1229 veram
650 1188 867 1226 lectionem
905 1191 976 1226 aut
1012 1192 1127 1227 certe
1156 1189 1242 1228 eius
1273 1191 1447 1242 vestigia

106 1261 268 1288 servare
308 1249 597 1287 existimentur.
669 1244 772 1284 Sunt
815 1244 918 1281 enim
958 1255 1034 1282 nec
1069 1246 1118 1283 ab
1151 1245 1243 1296 ipso
1272 1245 1447 1286 Platone

107 1307 250 1357 scripti
281 1317 355 1344 nec
384 1318 406 1343 a
436 1304 654 1342 scribarum
685 1300 888 1339 erroribus
919 1303 962 1338 et
981 1303 1331 1352 grammaticorum
1354 1316 1447 1343 cor·

105 1363 351 1403 rectionibus
387 1362 595 1400 immunes.
660 1357 858 1408 Quocirca
897 1358 1016 1396 etiam
1045 1358 1292 1410 reliquorum
1320 1360 1449 1400 libro·

107 1433 195 1459 rum
230 1418 408 1458 ducenda
447 1421 512 1456 est
549 1415 674 1463 ratio,
722 1413 919 1466 siquidem
962 1427 1254 1467 saepenumero
1287 1417 1449 1467 accidit,

109 1482 156 1515 ut
183 1477 246 1514 vel
275 1476 502 1514 deteriores
530 1473 624 1512 libri
651 1484 771 1510 verae
800 1483 1092 1524 germanaeque
1121 1474 1348 1525 scripturae
1379 1486 1450 1514 ve-

110 1534 229 1585 stigia
263 1533 448 1574 habeant.
511 1529 700 1580 Alioquin
738 1541 802 1566 ars
842 1527 982 1567 critica
1019 1529 1142 1569 facile
1170 1542 1220 1570 eo
1249 1530 1449 1583 deveniet,

109 1595 154 1630 ut
180 1602 291 1630 mero
319 1599 504 1630 manuum
531 1587 671 1626 labore
700 1586 965 1627 contineatur.

345 1710 639 1754 EDITIONES
667 1709 814 1751 LIBRI
840 1709 1200 1754 PECULIARES.

224 1816 454 1870 Separatim
475 1814 511 1855 E
524 1829 548 1854 u
557 1819 574 1854 t
585 1813 613 1853 h
627 1827 655 1867 y
665 1812 689 1853 d
699 1826 722 1853 e
733 1826 770 1853 m
782 1826 808 1853 u
819 1826 838 1852 a
870 1812 1003 1854 editus
1034 1819 1078 1854 et
1104 1816 1331 1858 illustratus
1360 1816 1452 1871 pri-

112 1888 220 1916 mum
249 1889 272 1914 a
298 1875 335 1914 R
345 1887 368 1914 o
380 1886 405 1912 u
415 1873 527 1912 thio
559 1876 644 1920 est,
673 1873 787 1911 cuius
818 1870 1005 1911 editionis
1033 1871 1101 1918 hic
1131 1879 1198 1914 est
1225 1875 1368 1916 titulus
1381 1889 1395 1916 ε

224 1953 471 1993 Platonis
499 1950 868 2002 Euthydemus
907 1954 950 1990 et
987 1951 1228 2005 Gorgias.
1285 1953 1450 1995 Recen-

115 2011 210 2059 suit,
237 2011 371 2056 vertit,
402 2014 596 2061 notasque
626 2009 772 2048 adiecit
793 2008 837 2047 M
853 2021 873 2046 a
884 2021 904 2047 r
917 2009 1005 2047 tin.
1030 2009 1082 2047 10
1095 2023 1113 2048 s
1127 2023 1149 2049 e
1162 2025 1188 2063 p
1200 2012 1240 2051 h.
1260 2010 1298 2050 R
1310 2025 1370 2052 ou
1381 2012 1452 2056 th.

115 2069 282 2117 oxonii,
313 2080 337 2107 e
364 2066 633 2118 typographio
663 2065 993 2108 clarendoniam,
1025 2067 1148 2109 1784,
1176 2068 1216 2106 8.
1248 2070 1338 2108 mai,

228 2158 345 2197 Hunc
382 2163 573 2208 sequutus
614 2160 679 2196 est
717 2155 1069 2197 Heindorfius
1108 2157 1220 2198 edito
1259 2159 1352 2202 Vol.
1382 2159 1451 2200 Ill.

117 2215 373 2267 Dialogorum
403 2214 583 2254 Platonis
614 2213 883 2263 Seianorum,
912 2214 1018 2265 quod
1046 2217 1168 2256 etiam
1196 2216 1300 2256 hanc
1327 2217 1453 2258 habet

118 2274 417 2324 inscriptionem
430 2283 443 2310 :

233 2340 472 2379 Platonis
503 2337 718 2392 Dialogi
749 2343 885 2388 tres,
923 2338 1200 2392 cratylus,
1239 2342 1453 2383 Parme-

123 2396 297 2445 nides,
326 2396 360 2435 Ε
374 2396 537 2448 uthyd
552 2409 702 2439 emus.
757 2396 994 2435 Emendavit
1023 2403 1066 2436 et
1098 2401 1356 2440 annotatione
1391 2402 1453 2441 in-

125 2455 270 2494 struxit
298 2453 366 2493 Lu
379 2453 425 2508 d..
448 2453 527 2496 Fr.
553 2453 839 2493 Heindorf.
869 2453 1005 2492 Berol.
1038 2455 1158 2497 18⁰6.
1189 2457 1228 2496 8.
1258 2459 1349 2497 mai.

234 2533 414 2584 Denique
449 2545 578 2585 nuper
614 2533 779 2572 editoris
812 2546 978 2573 munere
1017 2533 1181 2575 functus
1220 2540 1286 2576 est
1318 2536 1453 2578 Win-

127 2588 476 2639 ckelmannus‚
507 2602 585 2641 quo
612 2595 775 2629 curante
803 2591 974 2642 prodiit:

237 2657 269 2696 P
279 2659 321 2696 la
333 2664 350 2697 t
361 2670 384 2697 o
394 2671 417 2697 n
432 2660 473 2698 is
498 2658 533 2697 Ε
545 2672 570 2697 ιι
583 2658 634 2698 th
646 2672 671 2709 y
685 2658 708 2696 d
718 2671 741 2697 e
752 2671 789 2698 m
799 2672 824 2698 ιι
835 2672 868 2700 s.
925 2658 1161 2709 Recensuit,
1189 2652 1458 2713 Prolegome-

127 2714 189 2755 nis
225 2720 268 2754 et
296 2717 591 2756 commentariis
628 2715 863 2767 illustravit,
898 2723 1137 2770 apparatum
1174 2720 1359 2760 criticum
1395 2718 1459 2757 di-

993 2794 1075 2835 5*
