1624 2904
292 159 351 201 50
749 157 1150 204 nisPU'rA'rlo

297 277 367 313 net
396 272 474 311 huc
502 267 611 318 illud,
639 269 744 322 quod
771 270 985 322 diligenter
1013 270 1266 310 aiiimndrerti
1295 269 1488 318 volumus,
1508 269 1612 322 quod

299 329 509 377 Socrates,
545 328 662 366 sicuti
698 328 737 366 iu
771 327 948 366 Platonis
986 323 1237 367 Ιὲἶιιὶίινάεηιο
1282 340 1369 366 cum
1419 327 1612 378 sophistis

299 385 463 423 disserit
498 384 642 422 rationi
677 383 921 433 Protagorae
958 383 1123 421 addictis
1163 388 1206 421 et
1242 384 1292 422 ob
1334 396 1417 421 eam
1457 396 1548 420 cau
1545 395 1612 421 am

299 453 322 479 a
349 440 427 493 702
429 437 611 506 ογριὲφω
640 439 719 477 isto
748 444 921 485 notatur,
951 441 1007 478 ita
1041 440 1158 478 etiam
1188 440 1226 477 in
1256 439 1433 478 Nubibus
1454 439 1615 477 Aristo-

301 496 441 547 phanis
469 495 636 534 urtificia
665 500 807 533 tractat
836 467 1058 545 sophistica
1084 508 1107 533 e
1142 496 1382 560 Protagorae
1411 494 1618 545 disciplina

280 553 491 603 -repetita
547 552 607 589 Ex
639 563 715 600 quo
745 550 836 601 quid
866 551 1000 602 colligi
1028 551 1077 589 de
1113 556 1258 602 poetae
1299 552 1424 601 ipsius
1454 555 1618 588 senteu—

300 609 534 658 tiasqueat,
578 606 696 644 facile
732 606 976 657 intelligitur.
1042 607 1378 656 Quemadmodum
1409 607 1511 645 enim
1541 606 1622 644 So-

299 664 400 703 crati
438 663 692 715 physicorum
731 663 872 701 tribuit
911 662 1075 713 placita,
1112 668 1156 700 ut
1193 676 1308 713 quem
1347 664 1470 701 sciret
1506 663 1545 701 in
1573 662 1622 700 iis

303 718 618 772 pervestigandis
652 724 863 758 versatum,
890 730 1004 764 esse,
1041 720 1097 757 ita
1127 719 1244 757 etiam
1274 718 1453 766 Prodici,
1481 718 1623 756 Prota-

302 788 448 827 gorae,
484 775 728 824 aliorumque
758 774 1026 824 sophistarum
1054 775 1246 812 rationem
1285 775 1411 812 eidem
1450 774 1619 822 affinxit,

303 831 407 883 quod
445 831 555 869 illum
593 842 667 868 uec
708 830 756 868 ab
786 830 848 868 his
877 830 1019 869 studiis
1047 831 1216 869 alienum
1245 842 1337 869 esse
1366 831 1624 872 existimaret.

301 887 401 926 Nam
439 887 690 938 grammatica
726 886 970 937 Protagorae
1008 887 1137 925 studia
1183 891 1324 938 aperte
1366 885 1624 925 traducuntur

301 943 392 982 loco
423 943 630 982 notissimo
661 954 695 979 v.
724 942 807 980 632
837 954 923 993 sqq.
952 946 995 981 et
1030 942 1113 981 656
1141 956 1225 993 sqq.
1254 943 1357 981 sicut
1386 943 1536 993 optime
1566 942 1624 980 vi-

304 1000 364 1038 dit
392 998 707 1050 Spengelius
737 998 891 1037 Artium
923 998 1137 1049 Scriptorr.
1169 1012 1206 1049 p.
1230 1000 1284 1037 ⁴3
1313 1012 1370 1049 sq.
1401 1000 1464 1036 cui
1479 999 1623 1036 merito

303 1056 520 1094 assentitur
563 1054 783 1093 Classen
820 1054 880 1093 De
923 1055 1212 1093 Grammatic'ac
1242 1054 1419 1092 Graecae
1447 1054 1623 1092 Primor-

303 1111 378 1150 diis
423 1124 461 1162 p.
509 1110 576 1151 31.
644 1109 703 1148 Ad
741 1111 941 1150 eristicam
988 1115 1121 1159 autem
1163 1111 1236 1148 viri
1283 1109 1624 1161 perstringendam

304 1179 423 1217 quum
461 1166 537 1205 alia
572 1165 828 1214 referuntur,
860 1170 944 1205 tum
978 1166 1192 1205 manifesto
1222 1168 1398 1217 pertinet
1426 1167 1624 1204 nobilissi—

304 1235 394 1261 mus
431 1222 501 1260 ille
536 1221 649 1263 locus
685 1234 720 1264 v.
762 1222 837 1259 111
882 1234 991 1272 sqq.,
1029 1223 1097 1261 ubi
1124 1223 1226 1261 iusta
1256 1228 1297 1261 et
1325 1223 1469 1260 iniusta
1498 1223 1624 1259 oratio

303 1279 411 1317 iuter
448 1290 493 1316 se
530 1281 716 1317 certant.
763 1277 806 1315 ld
844 1278 950 1328 quod
983 1278 1060 1316 iam
1102 1277 1339 1316 scholiastes
1383 1279 1531 1316 notavit
1558 1290 1624 1316 ve-

305 1335 491 1382 tissime,
519 1334 630 1372 cuius
658 1333 759 1371 haec
789 1339 881 1372 sunt
905 1333 1052 1374 verba:
1095 1330 1306 1374 Ψεύδεται
1335 1331 1571 1374 κάνταῦθα
1600 1328 1623 1373 ὁ

307 1385 517 1453 κωμικός,
554 1389 693 1455 λέγων
721 1385 838 1452 παρὰ
863 1385 1095 1445 >Santouta
1125 1387 1236 1430 εἶναι
1264 1385 1341 1429 τὼ
1373 1386 1526 1429 ἄδικον
1552 1384 1619 1429 λό-

304 1458 399 1499 γον.
430 1442 481 1485 οὐ
512 1439 594 1498 γὰρ
623 1441 888 1509 ὲωκρατης,
917 1430 1026 1487 citio}
1051 1441 1352 1499 ΙῙρωταγόρας
1382 1442 1404 1485 ὁ
1434 1442 1624 1498 Ἀβδηρί-

303 1515 382 1551 της
424 1499 590 1554 ἐξεῦρεν
637 1496 771 1539 αὐτὸν
809 1501 881 1540 καὶ
919 1500 1153 1541 &maoz-fv
1219 1502 1275 1540 Et
1321 1501 1496 1539 sortasse
1545 1501 1624 1539 huc

305 1558 424 1596 etiam
462 1556 680 1595 revocanda
716 1560 780 1594 est
817 1555 898 1596 τοῦ
936 1558 1057 1596 ὸίιου
1099 1558 1421 1599 commemoratio
1464 1570 1498 1598 v.
1540 1557 1623 1595 37ss

304 1624 391 1663 sqq.
418 1613 575 1651 iniecta.
629 1611 801 1652 Videtur
828 1613 930 1650 enim
962 1612 1198 1662 Protagoras
1229 1613 1445 1651 Democriti
1466 1613 1515 1650 de
1535 1618 1624 1650 ato-

303 1681 457 1709 morum
495 1680 689 1706 concursu
726 1668 941 1706 doctrinam
979 1668 1156 1707 Athenas
1196 1669 1446 1719 pertulisses
1491 1669 1624 1718 Atque

303 1725 398 1765 hinc
424 1724 612 1775 explicari
639 1725 789 1774 poterit
816 1725 935 1762 etiam
966 1724 1090 1771 illud,
1127 1725 1176 1762 de
1212 1737 1289 1775 quo
1320 1731 1411 1775 post
1440 1724 1621 1762 Cousi-

304 1794 440 1829 num,
468 1782 731 1829 interpretem
761 1780 977 1826 Gallicum,
1008 1781 1156 1831 primus
1185 1783 1335 1830 monuit
1364 1781 1621 1819 winckel-

303 1849 509 1877 mannus
556 1835 740 1886 Prolegg.
789 1849 827 1887 p.
865 1836 975 1876 XLV
1010 1847 1069 1885 sq.
1109 1837 1211 1887 quod
1253 1838 1351 1874 locis
1388 1836 1617 1887 quibusdam

304 1893 476 1933 Nubium
512 1897 632 1943 atque
671 1891 914 1942 Euthydemi
941 1893 1147 1943 singularis
1178 1893 1365 1944 quaedam
1394 1892 1620 1942 deprehen-

288 1950 412 1988 ditur
446 1948 656 1986 verborum
701 1949 916 1986 similitudo
959 1952 1001 1986 et
1040 1951 1331 1996 convenientia,
1378 1949 1543 1987 maxime
1580 1949 1620 1987 in

303 2018 378 2044 usu
403 2005 596 2043 dictorum
614 2005 842 2042 ioculurium
866 2010 907 2042 et
928 2005 1226 2055 proverbiorum
1247 2006 1470 2055 conspicua.
1502 2003 1620 2042 Conf.

303 2060 478 2113 Euthyd.
517 2073 554 2111 p.
591 2060 687 2100 285.
726 2060 771 2102 C.
810 2060 857 2098 D.
888 2073 974 2098 cum
1003 2059 1131 2099 Nubb.
1161 2074 1194 2101 v.
1224 2061 1307 2099 440
1336 2073 1420 2110 sqq.
1447 2059 1529 2098 452
1559 2071 1619 2110 sq.

227 2134 229 2136 ’
303 2117 479 2168 Euthyd.
517 2129 554 2167 p.
592 2115 687 2154 277.
727 2115 775 2157 D.
804 2129 892 2155 cum
922 2116 1049 2156 Nubb.
1078 2129 1113 2154 v.
1147 2117 1240 2157 143.
1270 2117 1317 2156 E.
1374 2116 1548 2167 Euthyd.
1578 2128 1617 2166 p.

302 2173 397 2213 277.
437 2173 484 2214 Ι).
518 2185 607 2210 cum
647 2171 774 2210 Nubb.
816 2185 849 2214 v.
887 2172 981 2210 255.
1023 2175 1065 2210 et
1101 2173 1196 2214 633,
1253 2172 1424 2222 Euthyd.
1456 2185 1491 2223 p.
1520 2172 1618 2215 277.

302 2228 351 2268 E.
382 2241 471 2268 cum
510 2228 639 2266 Nubb.
677 2241 711 2268 v.
746 2228 842 2271 653.
901 2227 1072 2278 Euthyd.
1102 2241 1139 2279 p.
1169 2229 1264 2269 301.
1292 2229 1338 2268 A.
1369 2241 1458 2266 cum
1486 2229 1621 2267 Nubb.,

301 2295 337 2322 v.
378 2285 473 2323 945·
513 2289 556 2322 et
593 2297 693 2334 quae
731 2289 940 2335 praeterea
968 2285 1117 2323 notavit
1145 2284 1496 2323 Wiuckelmau
1510 2297 1532 2322 n
1546 2296 1624 2326 iis-1

300 2338 410 2379 Fieri
439 2341 542 2379 enim
574 2344 732 2390 potest,
761 2344 805 2377 ut
833 2339 923 2377 talia
954 2352 999 2377 ex
1028 2341 1117 2390 ipso
1145 2340 1413 2390 Aristophane
1441 2340 1624 2390 repetitafis

299 2397 389 2436 sint.
455 2397 680 2446 Quanquam
718 2395 809 2433 huic
845 2396 986 2433 rationi
1015 2409 1091 2434 non
1118 2398 1173 2434 itu
1200 2396 1366 2434 multum
1393 2396 1622 2444 tribuci-ima

271 2453 537 2517 *praesertim
576 2464 692 2501 quum
734 2451 923 2502 pleraque
961 2454 1087 2489 omnia
1123 2452 1169 2489 ad
1202 2465 1313 2490 usun·
1355 2451 1624 2498 formularunu

258 2527 262 2531 -
298 2507 337 2545 in
374 2508 455 2546 vita
490 2507 713 2558 quotidiana
757 2508 934 2545 tritarum
973 2508 1105 2546 redire
1141 2507 1357 2546 videantur.
1415 2507 1492 2545 Sed
1535 2491 1619 2563 ³¹⁰⁰,l

297 2568 496 2629 utcunque
524 2575 570 2602 se
599 2563 739 2609 habet,
767 2562 866 2600 illud
895 2563 1050 2613 quidem
1082 2575 1129 2601 ex
1157 2563 1423 2613 Aristophane
1462 2577 1542 2614 pam
1536 2565 1613 2602 inex

295 2624 414 2668 atque
453 2621 540 2669 ipso
582 2617 749 2656 Platone
793 2619 996 2657 evidenter
1042 2624 1231 2670 apparet,
1280 2619 1485 2658 Socratem
1533 2623 1616 2658 noui

291 2679 441 2715 tautum
470 2675 518 2714 ab
548 2676 765 2714 orationum
794 2676 1080 2726 scriptoribus,
1121 2675 1193 2715 sed
1229 2677 1347 2715 etiam
1375 2676 1423 2715 ab
1452 2676 1540 2715 aliis
1567 2672 1615 2726 inssi
