1624 2904
293 155 377 204 136
739 157 1074 209 PROLEGOME
1080 130 1151 206 Nu&

296 267 496 308 sententia
534 267 583 309 ab
617 280 663 309 se
705 269 872 320 defensa
908 273 1075 324 laboret.
1136 275 1275 328 Neque
1308 280 1440 318 tamen
1463 277 1610 316 erroris

298 335 457 372 causam
489 325 776 369 animadvertit.
841 329 977 379 Itaque
1013 333 1156 371 acerbe
1192 335 1469 383 conqueritur,
1507 332 1614 383 quod

299 391 402 430 quae
443 383 697 431 proposuerit
733 396 811 423 non
847 385 961 425 firma
997 393 1201 436 maneant,
1244 390 1314 428 sed
1359 402 1485 439 usque
1521 390 1612 429 loco

299 435 495 480 decedant
522 449 618 484 suo,
647 440 811 490 eiusque
838 442 898 479 rei
926 443 1077 494 culpam
1106 446 1145 484 iu
1172 444 1376 484 Socratem
1406 445 1614 493 transfert,

301 492 369 543 qui
387 491 549 533 Daedali
578 494 741 535 alicuius
768 497 892 541 instar
920 511 1124 539 sermones
1152 502 1261 550 quasi
1276 506 1415 539 euntes
1429 498 1613 549 faciat*).

301 547 381 589 Hic
417 559 512 592 vero
548 550 718 591 vicissim
758 564 846 590 eum
884 556 1055 595 suaviter
1091 557 1317 606 urbaneque
1345 556 1470 605 ridet,
1509 555 1616 605 quod

300 606 718 667 proptersapientiae
754 609 905 658 copiam
945 615 988 649 et
1025 613 1247 651 ubertatem
1276 613 1430 651 scilicet
1459 612 1617 651 mollior

301 673 350 701 ac
378 659 586 699 delicatior
614 662 744 702 factus
774 665 827 704 sit
863 665 1032 716 ideoque
1060 670 1142 707 veri
1172 669 1402 718 exquirendi
1439 669 1619 708 laborem

301 718 444 770 ignave
471 717 761 770 subterfugiat3
787 719 928 760 deinde
955 735 1048 761 vero
1079 725 1116 763 ei
1136 725 1242 762 ultro
1262 725 1475 774 pollicetur
1503 735 1616 763 suum

301 773 343 813 in
380 783 427 810 ea
465 784 511 814 re
546 774 752 823 auxilium,
788 775 973 817 videlicet
1007 790 1084 830 quo
1113 780 1268 818 facilius
1298 781 1426 831 possit
1451 781 1539 831 ipse
1567 779 1619 818 de

303 827 466 882 pietatis
501 829 540 867 vi
574 834 617 874 et
657 835 796 876 natura
825 832 998 872 edoceri.
1062 835 1198 885 Itaque
1245 838 1412 886 primum
1447 836 1624 930 institui}

303 887 431 937 'genus
467 885 626 926 virtutis
664 887 872 938 indagare,
911 890 985 928 sub
1024 891 1128 940 quod
1162 892 1289 941 pietas
1317 896 1498 941 tauquam
1527 904 1621 941 par¹

223 962 226 964 v
303 942 435 992 aliqua
470 944 591 992 atque
625 943 755 983 forma
793 945 971 989 subiecta
1001 947 1065 988 sit.
1123 947 1272 989 Censet
1301 952 1433 986 autem
1459 949 1620 998 pieta-

305 1001 407 1037 tem
437 1010 555 1043 esse
583 1004 778 1053 partem
805 1001 1049 1040 iustitiae
1077 1003 1330 1053 quandam.
1389 1004 1498 1053 Quae
1516 1001 1620 1043 haud

305 1054 427 1094 dubie
463 1054 588 1105 ipsius
629 1054 804 1094 Socratis
844 1061 887 1096 et
921 1057 1096 1098 Platonis
1136 1061 1332 1098 sententia
1369 1059 1470 1108 fuit,
1502 1058 1618 1097 sicuti

307 1122 358 1151 ,ex
391 1123 430 1160 p.
468 1110 535 1151 14.
575 1110 620 1152 B.
660 1111 705 1152 C.
743 1111 951 1164 Protagor.
989 1127 1027 1166 p.
1064 1108 1162 1157 331.
1199 1116 1234 1154 A
1272 1127 1329 1165 sq.
1366 1127 1404 1166 p.
1443 1115 1537 1157 333.
1573 1114 1621 1156 Β.

308 1165 434 1217 Gorg.
471 1177 511 1216 ι).
551 1165 648 1208 5⁰7.
683 1167 731 1207 A.
770 1170 961 1219 suspicari
994 1170 1106 1211 licet.
1162 1171 1250 1221 Quo
1278 1172 1435 1210 invento
1463 1170 1624 1221 Euthy-

307 1222 501 1273 phronem
532 1222 667 1269 videre
692 1223 826 1272 iubet,
857 1225 950 1274 quid
977 1226 1135 1268 tandem
1161 1228 1234 1276 sit,
1262 1227 1302 1266 in
1334 1239 1411 1277 quo
1440 1231 1624 1266 cernatur

308 1277 410 1317 haec
444 1279 607 1319 iustitia.
675 1278 909 1330 Respondet
939 1286 1051 1322 vates
1089 1283 1186 1321 satis
1217 1282 1434 1333 prudenter
1461 1283 1624 1333 pieta-

309 1338 409 1373 tem
449 1338 500 1373 et
537 1337 876 1376 sanctitatem
911 1349 997 1378 eam
1027 1351 1119 1378 esse
1144 1339 1390 1381 iustitiae
1417 1342 1624 1389 partem,

310 1402 435 1440 quae
472 1390 530 1428 ad
563 1402 733 1437 curam
770 1391 979 1439 deorum
1016 1396 1304 1446 pertineat;
1354 1406 1454 1445 quae
1489 1398 1624 1441 autem

308 1446 359 1485 ad
386 1447 567 1490 homines
595 1447 818 1497 referatur,
846 1461 932 1488 eam
959 1452 1119 1502 proprie
1147 1452 1276 1491 vocari
1303 1451 1504 1491 iustitiam.
1541 1449 1623 1490 νε*

309 1515 397 1541 rum
429 1502 530 1547 hanc
569 1503 694 1554 ipsam
732 1507 968 1546 sententiam
1005 1507 1192 1546 Socrates
1229 1507 1424 1556 aliquanto
1454 1506 1624 1557 diligen-

309 1559 392 1598 tius
420 1559 692 1603 illustrandam
719 1573 810 1600 esse
838 1562 1075 1610 arbitratur,
1104 1563 1297 1613 siquidem
1326 1562 1496 1601 nondum
1526 1574 1624 1612 per*

309 1616 492 1666 spicuum
530 1616 606 1664 sit,
644 1617 768 1667 qualis
803 1617 961 1657 tandem
998 1619 1074 1657 ista
1120 1618 1283 1657 deorum
1326 1631 1419 1656 cura
1456 1615 1624 1668 intelligi

310 1670 469 1712 debeat.
534 1669 681 1722 Itaque*
707 1673 948 1724 Euthyphro
984 1674 1092 1716 illam
1121 1675 1324 1724 pertinere
1351 1675 1405 1712 ait
1431 1673 1480 1711 ad
1509 1673 1624 1713 mini-

310 1729 436 1770 steria
473 1726 548 1772 diis
590 1728 836 1779 praestanda.
893 1728 972 1767 Sed
999 1741 1051 1768 ne
1078 1729 1156 1767 hoc
1189 1729 1346 1780 quidem
1376 1729 1533 1768 Socrati
1563 1728 1624 1768 sa*

309 1783 364 1821 tis
393 1787 479 1831 est,
521 1783 600 1833 qui,
629 1784 811 1836 quoniam
842 1785 946 1825 omni
973 1786 1050 1824 arti
1076 1785 1329 1824 administrae
1356 1785 1501 1836 aliquid
1527 1788 1624 1836 pro*

310 1840 486 1890 positum
522 1851 615 1882 esse
652 1840 801 1888 soleat,
836 1841 885 1879 ad
924 1841 1028 1891 quod
1069 1845 1252 1891 tanquam
1289 1841 1339 1879 ad
1364 1841 1483 1881 finem
1513 1840 1624 1883 suuni

310 1893 539 1942 referatur,
567 1895 643 1934 iam
672 1908 794 1947 porro
822 1897 1102 1947 exquirendum
1130 1909 1221 1936 esse
1248 1902 1409 1946 censet,
1448 1898 1624 1950 quidnam

311 1951 470 1991 tandem
506 1952 580 2001 sit,
617 1951 665 1991 ad
702 1951 805 2003 quod
844 1952 898 1991 dii
939 1953 1140 1993 hominum
1168 1954 1388 1992 ministerio
1416 1954 1624 2005 indigeautj

313 2006 419 2046 Tum
447 2020 542 2048 vero
572 2007 664 2046 ille:
720 2007 851 2047 Multa
878 2014 968 2051 suut
986 2010 1077 2056 ista,
1105 2010 1245 2061 inquit,
1273 2013 1392 2060 atque
1411 2010 1624 2065 praeclara,

312 2062 582 2104 declinaturus
621 2064 809 2104 videlicet
842 2065 916 2108 hac
952 2067 1214 2116 responsione
1251 2078 1321 2103 sua
1356 2066 1415 2103 rei
1444 2065 1624 2107 subtilim

314 2120 569 2169 explicandae
597 2119 888 2162 difficultatem.
951 2121 1132 2164 Postulat
1164 2126 1297 2160 tamen
1332 2121 1542 2169 Socrates,
1579 2123 1623 2174 ut

313 2187 400 2226 rem
434 2176 654 2218 accuratius
694 2181 735 2215 et
765 2177 921 2228 quidem
950 2178 1081 2216 verbis
1111 2190 1224 2228 quam
1254 2178 1498 2228 paucissimis
1527 2177 1622 2216 defi»

314 2231 409 2276 nist.
475 2232 596 2270 Cuius
635 2233 819 2283 precibus
858 2234 949 2272 dum
988 2235 1217 2284 obsequitur
1244 2233 1517 2273 bonushomo
1547 2234 1622 2272 inu-

314 2286 489 2338 prudeus
518 2301 656 2327 rursus
683 2289 731 2326 ad
761 2291 964 2340 pristinam
994 2290 1185 2328 relabitur
1215 2288 1553 2340 superstitionem,
1578 2299 1623 2331 ac

312 2342 503 2393 Pietatem
535 2344 576 2387 in
605 2355 653 2383 eo
680 2345 763 2394 vult
789 2347 936 2393 inesse,
963 2350 1016 2384 ut
1043 2346 1155 2396 quis
1186 2345 1288 2384 diis
1317 2346 1621 2391 sacrificante

313 2398 375 2449 do
419 2403 475 2444 et
502 2400 758 2454 precando
795 2405 994 2456 gratum
1032 2399 1292 2455 faciat&-
1347 2401 1407 2441 ΕΚ
1436 2413 1511 2453 ‘1¹1⁰
1541 2399 1621 2440 ⁰⁰¹-

401 2620 439 2663 9)
464 2622 500 2653 ι’.
530 2622 583 2657 11.
607 2624 643 2654 e.
667 2623 710 2655 n.

380 2688 440 2731 1με)
463 2690 502 2722 1³.
525 2690 578 2733 ¹2·
602 2690 642 2720 A.
666 2706 706 2712 -
736 2691 789 2720 ιιι.
816 2691 853 2724 c.
