1624 2904
260 168 278 205 1
288 168 314 204 θ
717 164 930 206 PROLEG
937 163 1017 205 OM
1022 164 1091 206 EN
1094 167 1127 207 A

258 277 400 318 retulit
439 277 489 316 ad
523 277 641 318 animi
671 277 830 318 humani
864 282 993 319 ortum
1032 272 1202 318 divinum
1247 279 1443 331 vitamque
1479 279 1574 321 olim

259 334 301 373 in
336 333 504 383 coelesti
542 334 740 373 domicilio
777 332 918 375 actam.
983 335 1240 386 Quapropter
1267 337 1384 375 etiam
1414 336 1573 376 virtutis

259 389 466 429 scientiam
501 389 541 429 in
576 391 727 430 aeterni
764 392 858 430 boni
886 395 929 430 et
954 390 1113 431 honesti
1140 391 1416 431 recordatione
1443 393 1574 431 conti-

261 446 349 485 neri
387 446 463 485 sibi
494 447 705 498 persuasit.
779 448 1019 498 Quamquam
1046 447 1087 485 in
1114 447 1162 484 iis
1190 447 1325 496 libris,
1360 449 1402 487 in
1431 449 1574 498 quibus

261 500 313 539 de
339 501 498 540 virtutis
536 501 744 553 disciplina
782 508 825 542 et
855 503 1104 542 institutione
1131 502 1366 554 disputavit,
1394 504 1575 542 Socrati‘

259 569 331 596 cae
359 558 487 596 tenuit
511 558 677 598 rationis
707 559 1024 610 simplicitatem,
1054 559 1137 597 sive
1165 559 1269 609 quod
1294 559 1469 597 idearum
1497 559 1573 597 do-

259 613 425 652 ctrinam
461 613 633 653 nondum
669 613 719 652 ad
755 615 992 665 posterioris
1028 616 1222 665 temporis
1250 615 1575 666 perspicuitatem

259 668 559 720 explicavisset,
591 671 674 708 sive
701 671 792 721 quia
819 671 906 722 ipsa
934 670 1266 709 haecSocratica
1294 672 1397 710 ratio
1434 670 1481 708 ad
1510 683 1574 708 ar-

257 723 452 777 guendam
482 724 727 776 sophisticae
754 726 972 777 sapientiae
1000 727 1211 764 vanitatem
1225 728 1391 765 maxime
1419 738 1574 764 accom-

257 780 415 819 modata
431 781 643 822 videretur.
699 780 878 834 Namque
911 783 1068 832 angusti
1085 782 1250 820 istorum
1272 782 1577 821 homuncionum

256 836 390 885 animi,
416 838 482 888 qui
521 838 619 876 nihil
646 837 723 876 nisi
749 843 914 877 externa
933 836 1144 876 *commoda
1173 842 1215 876 et
1242 839 1436 876 utilitates
1465 839 1574 889 cogi-

255 896 344 930 tare
374 895 693 941 consuevissent,
722 894 847 933 sicubi
873 893 924 932 de
950 894 1096 932 virtute
1132 893 1171 931 in
1201 895 1364 932 scientia
1392 894 1575 944 ponenda

255 959 389 986 sermo
419 953 525 997 erat,
556 961 634 987 non
662 949 872 1001 capiebant
899 949 1015 988 huius
1044 949 1268 988 sententiae
1296 951 1371 988 vim
1390 962 1435 987 ac
1455 962 1576 1000 prae-

256 1004 454 1045 stantiam.
521 1005 583 1043 Ex
623 1016 700 1055 quo
738 1000 862 1043 multa
896 1009 986 1043 nata
1023 1008 1086 1044 est
1123 1016 1194 1043 eos
1231 1005 1434 1044 Socratico
1464 1016 1576 1049 more

206 1099 209 1106 Κ
256 1060 474 1110 castigandi
519 1060 753 1111 ridendique
800 1062 1000 1101 materies.
1081 1060 1180 1099 Nam
1227 1074 1344 1111 quum
1384 1073 1457 1099 nec
1497 1061 1575 1112 ipsi

258 1127 369 1154 suam
397 1117 590 1154 rationem
615 1115 835 1155 defendere
861 1120 928 1154 aut
957 1116 1157 1155 illustrare
1185 1121 1375 1166 possent,
1412 1121 1496 1155 tum
1526 1129 1577 1155 ne

254 1170 352 1209 illud
389 1171 546 1223 quidem
584 1172 790 1211 valuerunt
827 1175 1049 1223 praestare,
1093 1175 1138 1209 ut
1175 1172 1350 1211 Socratis
1387 1176 1577 1221 mentem,

255 1239 371 1277 quam
410 1227 644 1278 plerumque
678 1228 767 1278 ipse
804 1229 973 1267 obscure
1001 1227 1104 1278 apud
1130 1227 1335 1267 Platonem
1364 1228 1574 1279 significat,

255 1282 375 1333 plane
411 1286 744 1335 assequerentur,
782 1284 932 1335 quippe
970 1295 1132 1334 semper
1168 1283 1218 1322 de
1246 1284 1412 1322 scientia
1440 1296 1574 1323 rerum

254 1338 502 1378 extrinsecus
540 1340 807 1388 obiectarum,
847 1351 926 1378 non
953 1340 1051 1378 item
1081 1338 1131 1377 de
1159 1340 1313 1378 interna
1342 1338 1467 1378 officii
1494 1339 1575 1377 ho-

252 1395 504 1446 nestatisque
531 1396 791 1446 persuasione
819 1396 998 1447 cogitare
1027 1394 1315 1437 condocefacti.
1370 1394 1507 1446 Itaque
1532 1395 1573 1435 in

252 1448 430 1491 Platonis
468 1451 580 1489 libris
616 1451 707 1491 sere
746 1452 805 1490 sic
842 1452 1051 1502 loquentes
1087 1451 1344 1499 inducuntur,
1377 1456 1423 1489 ut
1451 1463 1572 1501 qnan-

251 1508 395 1545 tumvis
432 1507 652 1558 sapientiae
694 1519 790 1546 suae
824 1507 1093 1558 magnitudine
1130 1507 1297 1545 mirifice
1333 1507 1570 1558 glorientur,

252 1566 387 1602 tamen
414 1575 437 1601 a
465 1563 653 1601 scientiae
672 1563 932 1614 possessione
954 1567 1106 1602 tantum
1126 1563 1268 1610 absint,
1296 1567 1342 1600 ut
1369 1563 1431 1600 vix
1451 1562 1570 1601 ullam

251 1619 453 1657 notionem
482 1619 586 1657 bene
616 1618 782 1658 definire
811 1623 878 1657 aut
907 1619 1124 1669 explicare,
1160 1618 1302 1657 nedum
1340 1617 1389 1656 ad
1426 1617 1569 1656 Socra·-

252 1674 357 1712 ticae
398 1675 589 1713 scientiae
634 1674 910 1714 divinationem
948 1671 1115 1725 aliquam
1154 1686 1199 1713 se
1235 1673 1431 1713 extollere
1469 1685 1569 1725 pos-

251 1730 354 1778 sint,
384 1732 476 1780 quin
503 1742 555 1769 ne
582 1731 734 1770 sentire
762 1730 918 1781 quidem
947 1730 1176 1778 videantur,
1212 1730 1247 1768 si
1277 1729 1324 1768 ab
1352 1730 1570 1768 interlocu-

252 1790 343 1823 tore
381 1786 546 1825 subinde
583 1798 631 1825 ex
671 1787 849 1837 ipsorum
876 1790 1011 1825 mente
1039 1798 1084 1824 ac
1115 1786 1313 1825 sententia
1341 1785 1569 1836 disputante

251 1841 512 1881 urbanissime
540 1842 724 1881 ludantur
751 1846 795 1880 et
821 1841 870 1880 ad
896 1842 1139 1893 ignorantiae
1167 1841 1460 1880 confessionem
1485 1841 1570 1879 adi-

251 1904 406 1947 gantur.
471 1897 670 1950 Vapulant
706 1899 828 1949 igitur
865 1898 1141 1949 Euthydemus
1183 1901 1225 1936 et
1262 1897 1568 1948 Dionysodorus,

250 1953 521 2004 disputatores
558 1955 762 2003 acerrimi,
800 1966 965 2005 quorum
1002 1955 1173 2004 argutias
1211 1953 1261 1991 ad
1297 1952 1566 1992 inveniendam

249 2010 648 2062 perspiciendamque
691 2022 808 2048 verae
851 2011 1009 2049 virtutis
1039 2010 1282 2060 disciplinam
1310 2009 1407 2048 nihil
1433 2008 1566 2046 valere

248 2065 429 2105 docetur.
483 2066 657 2117 Vapulat
682 2067 780 2105 item
807 2066 1059 2118 Protagoras,
1090 2066 1211 2117 quiin
1230 2064 1384 2116 dialogo
1415 2076 1562 2122 cogno-

249 2122 354 2160 mine
390 2123 444 2160 ita
481 2122 648 2172 loquens
687 2123 906 2170 inducitur,
942 2126 986 2161 ut
1023 2122 1098 2160 sibi
1134 2135 1156 2159 a
1185 2122 1350 2159 Socrate
1377 2121 1562 2159 virtutem

249 2178 414 2216 scientia
453 2179 648 2217 contineri
681 2178 908 2217 idemtidem
938 2178 1183 2228 significante
1212 2189 1341 2215 veram
1371 2177 1566 2214 rationem

249 2233 499 2284 suppeditari
526 2234 821 2285 haudquaquam
859 2234 1162 2280 animadvertat,
1200 2232 1273 2271 sed
1301 2245 1389 2271 cum
1431 2232 1501 2270 illo
1540 2243 1566 2270 e

249 2301 320 2326 sua
362 2290 517 2328 ratione
563 2290 767 2341 disputans
813 2303 904 2329 sese
951 2289 1284 2328 inextricabilibus
1333 2287 1563 2326 dialectices

248 2344 362 2383 nodis
408 2346 624 2396 constringi
669 2346 852 2396 patiatur.
924 2345 1061 2386 Simile
1111 2348 1174 2383 est
1217 2341 1487 2395 spectaculum
1523 2343 1566 2382 in

248 2400 561 2451 Euthyphrone,
596 2401 794 2451 Lachete,
834 2401 1068 2447 Charmide,
1114 2401 1154 2439 in
1197 2401 1335 2452 quibus
1373 2399 1485 2438 libris
1512 2398 1565 2437 de

248 2456 420 2506 pietate,
459 2456 508 2495 de
545 2456 803 2504 fortitudine,
841 2456 892 2495 de
929 2456 1189 2508 temperantia
1217 2457 1275 2495 sic
1303 2455 1563 2506 disceptatur,

249 2515 294 2549 ut
319 2524 395 2550 nec
422 2517 531 2551 vates
561 2526 633 2551 nec
660 2514 922 2563 imperatores
962 2525 1036 2551 nec
1066 2511 1209 2551 eruditi
1237 2512 1469 2562 nobilesque
1495 2521 1563 2548 so·

249 2567 469 2619 phistarum
506 2568 651 2607 alumni
689 2569 916 2608 Socraticae
943 2568 1105 2608 rationis
1131 2569 1207 2606 vim
1234 2568 1316 2606 ullo
1348 2566 1465 2607 modo
1493 2578 1564 2604 as·
1621 2567 1623 2571 ⁴

250 2629 486 2674 sequantur,
524 2629 713 2674 tantoque
750 2626 962 2664 inferiores
1002 2624 1078 2675 ipsi
1127 2626 1372 2677 appareant,
1417 2625 1563 2675 quanto

250 2680 476 2733 diligentius
506 2693 594 2720 cum
627 2679 790 2720 Socrate
819 2685 1106 2733 comparantur.
