1624 2904
266 163 348 205 1)ss
388 155 825 201 EUTHYDEMO
863 155 1206 200 PLATONJS.
1346 156 1403 197 57

62 278 107 321 δ’
140 277 192 329 ὃς
227 275 252 320 ὁ
282 270 555 329 Σωκράτης,
584 274 721 314 εἰπεῖν
747 266 848 312 τινὰ
883 270 965 313 νῦν
993 267 1270 315 ἀκούσαντα,
1297 266 1401 311 οὐδ“

0 333 4 384 Ῑ
62 340 98 379 εὶ
130 328 451 390 κωμῳδοποιὸς
479 332 568 382 εἴη,
597 326 656 378 (ὃς
684 327 904 383 ἀδολεσχῶ
937 329 1008 370 καὶ
1043 326 1094 369 οὐ
1125 328 1223 380 περὶ
1248 342 1405 380 προςη-

61 389 232 436 κόνῐων
261 388 366 439 τοὺς
393 386 554 442 λόγους
581 386 819 438 ποιοῦμαι,
849 391 963 426 recte
992 386 1175 425 viderunt
1204 386 1407 437 interpre-

0 455 3 493 ἓ
60 458 126 492 tes
153 451 318 502 vulgare
347 448 444 488 illud
474 446 603 486 fuisse
631 445 672 484 in
702 457 842 483 omnes
871 444 1139 496 philosophos
1170 444 1408 493 convicium,

61 508 169 562 quod
197 521 277 547 non
305 504 638 556 Aristophanem,
667 502 741 542 sed
769 502 944 553 Eupolin
973 507 1182 540 auctorem
1211 500 1369 540 habeat.

173 598 330 639 Manet-
355 597 478 650 igitur
515 593 623 646 quod
667 596 783 638 antea
828 592 1059 644 posuimus,
1094 591 1408 642 Aristophanem

61 669 141 708 quo
169 661 353 706 tempore
382 654 590 692 Socratem
619 652 729 690 inter
756 650 1005 702 perniciosos
1035 649 1240 700 sophistas
1269 662 1410 688 nume-

61 715 200 762 rabat,
243 707 420 752 Nebulas
459 710 694 761 scripsisse·,
744 712 889 759 postea
925 719 1022 745 vero
1063 719 1179 758 quam
1220 718 1312 746 eum
1348 708 1409 746 vi-

63 758 161 811 rum¹
182 770 371 823 probum,
400 768 640 815 honestum,
671 765 767 805 boni
798 765 983 816 rectique
1021 767 1220 802 amantem
1252 776 1410 803 covno-

62 830 211 876 visset,
240 827 410 878 diligere
440 829 483 864 et
510 836 644 864 amare
673 823 874 874 coepisse,
904 826 950 861 ut
978 834 1000 859 a
1027 821 1201 860 Platone
1230 821 1270 859 in
1313 834 1409 860 Jon-

62 886 164 924 vivio
194 885 374 937 potuerit
402 882 495 921 talis
523 881 680 930 induci,
711 880 778 932 qui
807 893 898 918 cum
934 877 1104 919 Socrate
1134 879 1410 918 amantissime

63 943 327 994 colloquatur.
386 941 520 991 Atque
543 939 647 977 hanc
684 938 812 989 ipsam
840 934 1272 986 eausam'arbitramur
1301 949 1410 987 esse,

64 1013 136 1039 cur
166 1001 206 1038 iu
235 997 494 1049 Euthydemo
525 995 810 1047 Aristophanis
839 993 950 1043 nulla
976 993 1131 1038 mentio
1160 993 1308 1032 iniecta
1338 995 1409 1045 sit,

65 1046 143 1095 etsi
180 1056 220 1095 id
258 1057 297 1094 iu
337 1059 546 1107 postrema
581 1053 778 1092 sermonis
809 1053 959 1104 parte,
978 1051 1048 1090 ubi
1075 1049 1193 1090 Crito
1223 1050 1274 1089 de
1309 1051 1410 1091 rhe-

63 1114 165 1154 toris
204 1114 320 1152 istius
355 1112 519 1163 exponit
557 1111 782 1157 sententia,
826 1107 1154 1149 commodissime
1193 1108 1284 1147 fieri
1333 1121 1410 1161 po-

64 1174 226 1211 tuisset.
297 1170 528 1221 Quanquam
573 1167 844 1220 philosophus
882 1165 976 1205 dum
1013 1164 1134 1204 hilari
1162 1165 1413 1219 iocularique

64 1229 220 1268 ratione
257 1233 536 1278 argumentum
574 1226 778 1274 illustrat,
818 1228 941 1275 atque
976 1222 1217 1262 dictionibus
1246 1225 1413 1275 quibus-

66 1285 156 1324 dam
195 1285 359 1324 comicis
397 1296 495 1322 usus
535 1287 600 1322 est
643 1282 763 1321 etiam
792 1282 834 1320 in
862 1280 1045 1320 Nubibus
1073 1281 1294 1334 usurpatis,
1323 1280 1412 1320 for-

66 1348 181 1383 tasse
210 1342 458 1382 subobscure
484 1339 768 1391 Aristophanis
796 1338 974 1378 fabulam
1004 1337 1255 1390 significavit.

180 1434 315 1485 Atque
352 1432 452 1482 huc,
492 1431 570 1470 nisi
606 1430 756 1479 fallor,
796 1429 992 1469 trahenda
1030 1433 1097 1469 est
1131 1430 1252 1468 etiam
1283 1429 1413 1470 Conni

68 1490 422 1536 commemoratio,
461 1501 538 1540 qua
578 1487 690 1526 facta
725 1487 847 1526 facile
868 1488 1055 1539 ‘quisque
1098 1487 1139 1526 in
1176 1489 1413 1528 memoriam

67 1548 203 1588 redire
230 1548 365 1599 potuit
393 1546 554 1585 fabulae
585 1545 920 1597 Aristophaneae.
979 1544 1152 1583 Constat
1178 1545 1284 1584 enim
1305 1545 1414 1586 Con-

68 1618 161 1645 num
203 1605 409 1657 Amipsiae
452 1603 596 1641 eodem
643 1607 833 1654 tempore
871 1613 950 1654 quo
990 1601 1129 1640 Nubes
1168 1602 1211 1641 in
1249 1615 1412 1643 scenam

68 1662 285 1716 prodiisse,
315 1667 435 1712 atque
464 1661 517 1699 de
545 1660 608 1699 his
638 1664 875 1711 reportasse
890 1660 1109 1698 victoriam.
1167 1659 1254 1698 Nec
1277 1664 1414 1701 tamen

70 1720 266 1759 credibile
315 1724 380 1757 est
427 1717 530 1756 hanc
571 1717 748 1756 fabulam
784 1721 867 1756 tam
913 1717 1049 1767 inique
1090 1717 1322 1769 iniusteque
1368 1719 1412 1759 in

71 1777 281 1816 Socratem
316 1772 530 1824 statuisse,
570 1777 651 1814 imo
692 1787 740 1813 ea
776 1774 934 1813 videtur
964 1775 1081 1813 unice
1110 1774 1160 1813 ad
1187 1776 1319 1814 iocum
1351 1776 1416 1815 hi-

72 1835 351 1884 laritatemque
380 1833 511 1872 fuisse
540 1837 793 1883 temperata,
824 1833 858 1871 si
888 1831 982 1883 quid
1013 1843 1062 1870 ex
1089 1831 1161 1870 illo
1190 1833 1280 1884 ipso
1321 1833 1414 1872 Pla-

73 1892 182 1931 tonis
217 1891 308 1929 loco
346 1887 540 1942 colligere
579 1891 696 1937 lieet,
739 1902 818 1939 quo
857 1889 1051 1928 Socrates
1096 1902 1190 1928 sese
1218 1891 1275 1929 ait
1306 1891 1415 1931 Con-

75 1961 168 1988 num
206 1948 437 1999 magistrum
474 1961 587 1986 suum
625 1947 788 1986 infamia
828 1946 996 1998 quadam
1026 1958 1323 1999 conspergere,
1357 1949 1418 1988 si·

1 2014 9 2018 “
74 2005 236 2057 quidem
273 2005 456 2043 homines
490 2018 581 2043 eum
617 2000 1071 2058 γεροντοὸιόεὲσκαλον
1108 2005 1315 2056 appellare
1346 2019 1419 2044 so-

76 2063 198 2101 leant.
257 2062 372 2110 Quod
401 2074 587 2112 quorsum
620 2066 805 2113 spectet,
836 2062 958 2100 docet
985 2061 1099 2101 locus
1131 2062 1418 2103 Ciceronis

78 2119 155 2158 iam
190 2131 315 2170 supra
343 2124 586 2158 memoratus
614 2119 791 2171 Epistol.
819 2119 870 2157 ad
899 2119 1055 2159 Divers.
1082 2119 1152 2160 1X.
1182 2119 1250 2160 20.
1281 2117 1419 2172 „dim-

79 2176 246 2230 μαθεῖς
283 2180 458 2214 autem
495 2177 738 2216 homines
779 2177 884 2215 scis
923 2189 1066 2227 quam
1107 2177 1417 2218 insolentes

81 2234 238 2272 sint.“
295 2234 509 2272 Enimvero
537 2246 655 2274 senes
685 2238 779 2272 sunt
810 2234 903 2272 fere
930 2233 1147 2283 indociles,
1185 2234 1420 2275 intractabi-

81 2291 165 2337 les,
202 2293 245 2328 et
281 2302 444 2329 suorum
482 2290 738 2330 decretorum
777 2292 893 2330 nimis
932 2296 1109 2333 tenaces,
1185 2291 1304 2331 Unde
1350 2294 1420 2332 lux

82 2346 296 2386 affunditur
332 2347 423 2386 loco
464 2347 641 2387 Platonis
682 2349 864 2399 Sophist.
904 2362 943 2400 p.
983 2349 1080 2389 251.
1130 2348 1176 2391 Β,
1219 2345 1336 2390 ὅθεν
1372 2365 1422 2403 γε

80 2408 177 2452 τοῖς
213 2400 472 2459 (impastam.
511 2405 677 2455 θοίνην
715 2401 1121 2458 παρεσκευάκειμεν·
1160 2402 1302 2454 εὐθὺς
1337 2403 1422 2463 γὰρ

83 2457 506 2512 ἀντιλαβέσθαι,
534 2463 666 2503 παντὶ
696 2458 942 2516 πρόχειρον.
1001 2464 1135 2514 Atque
1157 2463 1302 2502 eodem
1324 2478 1423 2516 per-

84 2518 190 2556 tinet
232 2518 353 2556 etiam
392 2519 499 2570 quod
539 2518 738 2571 Diogenes
777 2521 926 2559 dixisse
962 2519 1119 2561 fertur:
1161 2515 1317 2577 νεκρὸν
1359 2523 1424 2563 ἱα-

90 2569 256 2628 τρεύειν
285 2574 359 2617 καὶ
386 2577 576 2633 γέροντα
602 2578 838 2618 νουθετεῖν
866 2573 1029 2619 ταύτὸν
1058 2574 1184 2620 εἶναι.

199 2676 282 2718 Sed
307 2691 402 2720 res.
426 2679 650 2730 repetenda
690 2682 808 2720 altius
841 2684 905 2720 est
931 2682 1056 2731 atque
1084 2678 1136 2718 de
1165 2680 1305 2719 couno
1332 2682 1424 2731 ipso

90 2734 362 2788 explicandum
392 2738 631 2788 accuratius,
660 2738 711 2778 de
739 2751 818 2791 quo
848 2749 975 2790 usque
1003 2736 1053 2776 ad
1080 2737 1186 2777 huuc
1213 2738 1318 2777 diem
1347 2738 1424 2777 ho-
