1624 2904
269 189 348 229 DE
390 185 814 228 EUTIIYDEMO
853 183 1203 227 PLATONIS.
1362 185 1444 230 37'

70 304 192 342 tribui
234 303 355 342 rebus
393 303 457 341 vel
495 302 732 342 hominibus.
801 299 961 338 Etenim
1002 299 1070 338 illa
1108 304 1243 340 aetate
1281 298 1413 341 fuisse

68 365 248 409 constat,
290 361 356 411 qui
395 373 504 399 suam
546 360 689 410 cuique
717 358 776 396 rei
807 358 1098 409 proprietatem
1129 371 1223 397 esse
1255 362 1410 397 statue-

65 424 156 456 rent
186 418 355 468 ideoque
391 417 609 468 praedicati
651 420 693 454 et
721 415 891 454 subiecti
921 415 1219 466 qopulationem
1249 426 1410 455 omnem

64 475 246 513 funditus
282 475 490 514 tollerent.
558 475 684 522 Quam
730 475 971 511 sententiam
1023 477 1167 523 postea
1208 475 1408 523 temporis

64 533 234 570 1113111118
274 545 295 570 a
336 532 522 581 Stilpone
568 531 698 568 fuisse
738 536 967 567 exornatam
1004 534 1145 568 auctor
1184 534 1249 568 est
1290 530 1406 569 Plu·
1448 536 1450 538 ’

63 590 227 628 tarch.
269 590 352 627 adv.
393 589 525 626 Colot.
566 601 604 639 p.
638 588 759 625 llis).
802 600 837 627 c.
869 601 901 625 s.
933 587 998 626 22.
1032 600 1071 637 p.
1102 586 1198 626 573.
1228 586 1320 627 Vol.
1352 588 1403 627 V.
1450 606 1452 609 ’

46 647 100 688 -1,
129 647 189 687 ed.
222 646 291 697 w>
304 647 428 684 ttenb.
460 645 568 686 cons.
599 645 632 682 1)
647 645 772 695 eyks
803 643 863 682 De
893 643 1191 694 Megaricorum
1211 642 1405 683 Doctrina

60 716 100 756 p,
130 704 186 742 83
216 717 275 754 sq.
335 703 414 740 Sed
455 703 532 740 iam
572 702 699 740 multo
729 706 823 739 ante
854 714 942 739 eam
976 714 996 738 a
1029 701 1225 752 sophistis
1255 701 1404 739 defen-

59 773 143 800 sam
174 764 216 799 et
243 764 474 811 usurpatam
513 759 643 798 fuisse
685 758 907 798 clarissime
936 763 1108 810 apparet
1147 771 1194 797 ex
1223 758 1403 798 Platonis

60 817 253 868 Sophista
283 830 330 880 p.
353 817 448 855 ..”)1.
481 817 526 856 C
561 814 678 857 ὅθεν
710 829 771 868 7²³³
803 813 943 867 οἶμαι,
973 820 1071 862 τοῖς
1099 829 1144 855 τε
1172 816 1294 863 νέοις
1327 829 1402 856 και

57 873 164 915 τῶν
198 891 212 927 ;
215 889 289 914 ευ
305 887 482 914 οντων
519 879 614 921 τοῖς
643 870 905 924 ὀψιιιαθὲσι
933 871 1103 922 θοίνην
1130 868 1398 939 παρεσκευά-
1442 920 1445 921 ⁷

58 943 215 984 καμεν·
246 918 387 979 εὐθὺς
422 926 505 986 ςὰρ
535 928 886 997 ἀντιλαβέσθαι
890 929 1023 970 παντὶ
1052 924 1311 996 πρᾷχειρον,
1342 925 1402 977 ὠς

57 985 279 1029 ἀδυίατον
307 983 363 1028 τά
391 1002 437 1028 τε
466 982 606 1028 noma
638 990 706 1035 ἓν,
737 987 810 1027 καὶ
838 983 889 1027 τὸ
922 986 967 1027 ἓν
995 981 1137 1027 πολλὰ
1166 983 1293 1036 εἶναι,
1323 987 1400 1028 καὶ

58 1042 112 1096 δή
154 1060 237 1086 που
271 1047 530 1111 χαίρουσιν
545 1041 624 1085 οὐκ
662 1017 842 1091 aburat·
855 1039 1088 1109 ἀγαθὸν
1130 1043 1206 1111 2ἑῖ
1210 1057 1272 1084 ειν
1313 1038 1397 1083 ἄν·

57 1103 315 1166 dpwrcov,
346 1097 456 1142 ἄλλα
483 1096 534 1142 τὸ
563 1101 643 1153 μὲν
673 1098 826 1154 ἀγαθ
839 1096 921 1149 όν,
958 1096 1038 1141 τὸν
1069 1100 1115 1142 δὲ
1145 1095 1398 1155 ἄνθρωπον

58 1155 115 1199 ι’ἑι
133 1162 370 1215 ὕρωπυν.
401 1160 467 1198 ubi
496 1145 692 1197 falluntur
722 1159 787 1209 qui
818 1158 920 1196 haec
947 1158 1086 1197 volunt
1115 1159 1163 1196 ad
1182 1158 1397 1198 Antisthe-

55 1230 144 1256 uem
205 1218 454 1269 potissimum
511 1215 885 1267 reprehendendum
943 1215 1049 1254 dicta
1098 1228 1213 1264 esse,
1271 1214 1398 1254 veluti

56 1274 594 1313 Schleiermacherus
642 1278 763 1324 atque
804 1272 1128 1323 ὓ8511511181.
1169 1285 1204 1310 8.
1245 1285 1286 1324 p.
1324 1271 1399 1314 44.

53 1331 152 1370 Ν’1111
184 1333 297 1369 nobis
329 1331 486 1381 quidem
525 1330 643 1381 plane
672 1342 906 1382 peisuasum
945 1334 1031 1377 est,
1067 1329 1123 1368 ihi
1150 1330 1283 1381 ipsum
1311 1328 1407 1368 Eu·'

54 1390 288 1440 ἱΙιμΙι-ηιιιηι
319 1401 364 1425 ac
388 1387 704 1438 Dionysodolum
736 1387 964 1438 significari,
995 1399 1096 1438 quos
1125 1385 1257 1425 fuisse
1288 1383 1396 1452 ὀτζυι·

54 1447 178 1499 μαϋε
164 1452 222 1493 ῖς
250 1446 289 1483 111
314 1445 570 1495 Euthjdemo
599 1449 738 1483 nostlo
769 1444 914 1482 iterum
943 1445 1172 1495 iterumque
1199 1456 1278 1482 11011
1307 1442 1397 1482 sine

57 1503 199 1541 acerba
228 1502 392 1552 quadam
424 1503 610 1540 irrisione
650 1501 885 1548 inculcatur,
925 1501 1122 1552 siquidem
1160 1504 1276 1539 recte
1305 1498 1394 1540 Ci-

11 1558 17 1563 “
55 1572 175 1598 8810
215 1560 346 1610 Epist.
388 1558 498 1597 Fam.
541 1557 610 1600 IX.
639 1557 708 1597 20.
746 1554 999 1613 ὀιλιιιειθεῖς
1029 1563 1198 1596 autem
1228 1557 1395 1596 homi-

53 1630 142 1656 nes
179 1618 284 1659 Scis
332 1629 473 1666 quam
521 1616 826 1654 insolentes
874 1616 985 1656 sint.
1051 1615 1162 1654 Idem
1200 1615 1396 1666 placitum

55 1675 264 1726 attingitur
302 1675 423 1712 etiam
463 1672 590 1724 Soph.
634 1685 673 1724 p.
704 1672 800 1713 26⁰.
830 1672 879 1713 A.
910 1672 956 1710 Β.
986 1671 1144 1713 Phileb.
1175 1684 1215 1723 p.
1249 1673 1313 1711 1⁴.
1346 1670 1394 1710 C.

57 1744 105 1770 ex
135 1732 277 1783 quibus
310 1731 410 1768 locis
442 1731 699 1781 perspicuum
731 1734 796 1768 est
823 1729 954 1768 fuisse
971 1729 1069 1768 illud
1098 1731 1267 1768 maxime
1296 1740 1394 1779 per-

55 1789 267 1840 vulgatum.
328 1786 506 1826 Duxerat
534 1792 682 1834 autem,
712 1787 788 1825 nisi
820 1786 955 1835 fallor,
986 1788 1182 1838 originem
1212 1799 1262 1825 ex
1289 1785 1393 1825 Pro-

55 1850 220 1898 tagorae
247 1844 469 1896 disciplina.
527 1845 604 1894 Qui
640 1857 758 1896 quum
801 1844 969 1882 doceret
999 1845 1130 1883 omnia
1159 1856 1252 1883 esse
1281 1843 1393 1891 talia,

56 1903 186 1954 qualia
213 1903 355 1954 cuique
385 1906 650 1953 apparerent,
687 1901 809 1939 facile
841 1902 976 1952 potuit
1004 1901 1211 1949 accidere,
1249 1905 1295 1939 ut
1324 1900 1392 1952 qui

54 1961 179 1999 tricas
208 1964 481 2006 sectarentur,
523 1971 839 2010 unamquamque
871 1972 956 1997 rem
986 1971 1150 2010 semper
1177 1970 1294 1997 unam
1323 1962 1392 1996 at-

55 2029 135 2068 que
173 2017 394 2067 simplicem
432 2028 525 2055 esse
563 2016 705 2055 exinde
745 2015 987 2067 colligerent
1013 2016 1187 2067 ideoque
1214 2015 1393 2054 attribu-

18 2071 190 2114 &tiones
228 2086 363 2113 rerum
398 2086 537 2113 omnes
572 2073 844 2126 repudiarent.
911 2073 994 2112 Sed
1032 2085 1291 2125 quaecunque
1320 2071 1392 2110 de-

57 2143 164 2171 mum
199 2130 318 2169 huius
355 2132 578 2169 sententiae
616 2132 730 2182 origo
770 2135 854 2177 est,
895 2131 975 2169 hoc
1017 2131 1178 2182 quidem
1205 2133 1393 2181 apertum

57 2191 266 2240 putamus,
306 2187 604 2239 Euthydemum
646 2194 688 2226 et
718 2187 1038 2238 Dionysodorum
1068 2200 1154 2226 eam
1184 2200 1277 2227 esse
1307 2190 1392 2225 am-

57 2245 263 2297 plexatos,
297 2245 612 2297 quandoquidem
640 2244 920 2296 Euthydemus
949 2249 1272 2297 argumentatur,
1315 2256 1393 2295 pa-

58 2307 184 2351 trem,
211 2302 303 2354 quia
331 2316 354 2341 a
382 2307 500 2354 patre
525 2303 604 2342 alio
633 2302 814 2342 diversus
843 2304 920 2353 sit,
948 2304 1081 2356 ipsum
1111 2305 1270 2354 patrem
1299 2311 1395 2341 esse

56 2370 135 2398 11011
166 2371 304 2411 posse.

172 2473 250 2513 Vix
296 2477 430 2511 autem
468 2472 571 2511 haec
611 2472 667 2510 ita
701 2472 972 2524 pronuntiavit
1020 2473 1230 2524 sophista,
1273 2481 1395 2524 quum

62 2529 300 2581 Ctesippus,
330 2534 374 2569 ut
403 2533 467 2568 est
495 2532 708 2581 protervus
738 2536 782 2570 et
810 2535 975 2579 acutus,
1014 2532 1148 2569 statim
1178 2529 1287 2570 istud
1314 2530 1396 2569 sci-

60 2583 158 2626 licet
184 2599 347 2625 acumen
384 2587 551 2625 ioculari
587 2586 807 2626 imitatione
836 2587 955 2626 ridet.
1013 2587 1183 2637 Quaerit
1211 2587 1316 2626 enim
1346 2598 1396 2625 ex

62 2643 258 2695 sophistis
277 2644 378 2682 hocz
407 2643 604 2683 Differtne
633 2649 748 2695 pater
776 2651 913 2683 vester
933 2657 955 2682 a
975 2657 1065 2683 meo
1095 2646 1241 2697 patre‘!
1276 2642 1394 2694 Quod

64 2700 124 2739 illi
151 2704 316 2752 negant,
354 2712 406 2739 ne
447 2702 605 2740 scilicet
643 2706 686 2740 et
723 2702 802 2753 ipsi
838 2706 955 2748 patre
995 2714 1135 2742 carere
1162 2706 1394 2753 arguantur.

68 2755 173 2798 'rum
208 2757 466 2798 adolescens:
522 2758 603 2798 Hic
649 2770 743 2798 vero
792 2765 926 2799 utrum
975 2771 1089 2799 meus
1126 2759 1242 2799 unius
1278 2762 1395 2811 pater
