1624 2904
246 137 333 197 2234
703 137 1118 202 PROLEGOMENA

244 250 571 292 consuetudinem
609 250 754 290 dicitur
789 250 957 303 βιῶναι.
1021 250 1119 289 Nam
1150 251 1217 290 illa
1245 252 1397 297 Timaei
1426 265 1464 304 p.
1492 253 1562 295 77.

244 309 290 350 G.
320 321 436 348 nemo
465 313 619 347 temere
647 308 725 349 huc
752 308 975 353 revocabit3
1005 319 1050 344 ac
1078 308 1241 347 multum
1271 310 1387 348 etiam
1408 310 1562 358 diversa

243 369 359 414 sunt,
407 378 506 415 quae
540 365 704 415 legimus
749 364 849 414 apud
888 363 1194 402 Ciceronem
1234 366 1395 406 Tuscul.
1434 365 1462 403 Ι.
1491 366 1560 409 24.

242 426 341 461 tam
369 425 551 459 natura
579 425 803 472 putarem
832 419 1223 459 hominisvitam
1253 423 1560 471 sustentari,

243 489 389 529 quam
415 477 538 516 vitis
567 481 647 515 aut
676 476 899 514 arboris:
930 476 1055 512 haec
1086 477 1216 515 enim
1246 478 1394 516 etiam
1433 477 1558 516 dici·
1606 481 1610 484 ’

240 545 349 573 mus
377 533 574 572 vivere:
602 532 641 571 id
671 531 774 583 quod
803 543 881 569 non
909 531 1119 569 obscurum
1151 534 1228 570 erit
1257 538 1466 583 utrumqne
1496 534 1560 571 lo-

240 602 331 628 cum
356 588 570 640 diligenter
598 588 916 627 examinantibus.
975 587 1110 637 ltaque
1140 601 1214 639 ego
1244 590 1282 628 in
1319 602 1365 626 ea
1395 593 1561 628 senten·-

239 646 298 685 tia
325 657 436 693 sum,
464 650 507 683 ut
531 645 630 683 hanc
659 644 927 694 loquutionem
959 644 1179 682 existimem
1215 647 1448 695 scriptorem
1487 645 1560 683 ali·
1614 689 1619 704 χ

237 713 356 753 quem
397 702 629 750 posterioris
658 701 800 738 aetatis
829 711 997 750 arguere
1023 711 1158 749 parum
1189 700 1393 751 eleganter
1421 701 1561 740 rheto-

236 758 463 798 rissantem.
520 756 644 795 lbid.
669 760 791 795 sect.
823 754 870 796 C.
898 755 1033 793 nescio
1062 768 1109 793 an
1130 761 1289 807 praeter
1314 769 1425 795 usum
1446 761 1561 795 vete-

235 825 326 854 rum
365 813 589 851 Atticorum
624 812 778 850 dicatur
812 811 1129 863 τεκμαίρεσθαι
1157 808 1244 851 ἀπό
1270 826 1391 859 τινος
1418 810 1477 860 εἴς
1504 813 1560 859 τι,

238 868 557 909 concludere
587 881 642 906 ex
664 869 834 918 aliqua
862 879 916 906 re
945 866 1154 917 aliquid.
1209 868 1324 918 Apud
1352 868 1558 907 Platonem

238 924 398 977 quidem
427 930 541 963 certe
569 929 689 975 atque
708 923 1017 974 Xenophontem
1047 923 1232 962 usitatum
1263 937 1354 962 esse
1383 925 1560 963 novimus

235 984 389 1021 tantum
428 980 744 1020 τεκιιαιόεσθαί
772 994 814 1019 τι
843 982 888 1018 ὲκ
926 979 990 1016 vel
1019 974 1106 1018 ἀπο
1135 993 1263 1027 τινος.
1321 979 1560 1031 Pag.122.

235 1035 285 1078 l).
313 1036 522 1075 ostensioni
541 1041 604 1074 est
624 1036 786 1074 verbnm
805 1048 970 1088 προςα)
974 1030 1152 1087 opedam,
1172 1048 1245 1101 [πο
1263 1048 1338 1087 quo
1361 1036 1388 1074 S
1401 1036 1560 1074 chlei-

237 1092 578 1133 ermacherus
618 1104 695 1130 non
733 1092 819 1129 sine
858 1095 997 1128 caussa
1036 1091 1176 1130 idonea
1224 1088 1450 1144 ὀνομαζειν
1493 1092 1558 1131 vel

239 1148 386 1190 καλεῖν
423 1148 640 1198 requisivit.
706 1147 846 1186 Eidem
884 1147 968 1184 viro
1000 1146 1118 1184 docto
1148 1160 1185 1198 p.
1216 1148 1307 1188 123.
1339 1148 1382 1188 C.
1412 1149 1559 1187 merito

236 1208 424 1255 suspecta
466 1204 544 1242 fnit
582 1204 759 1253 loquutio
800 1201 1012 1254 κυβερνᾶν
1050 1198 1103 1241 τὰ
1138 1200 1330 1255 ἅρματα,
1369 1204 1418 1241 de
1448 1204 1560 1244 cuius

235 1261 437 1312 probitate
467 1261 579 1298 nobis
606 1273 679 1297 nec
706 1258 987 1297 Knebelius
1026 1260 1245 1309 persuasit,
1277 1259 1441 1298 Graecis
1473 1273 1562 1298 ma-

234 1318 420 1368 ximeque
453 1317 600 1355 Atticis
641 1317 828 1354 usitatum
858 1314 987 1353 fuisse
1015 1327 1176 1354 mouens
1201 1316 1434 1367 imaginibus
1463 1329 1484 1354 a
1512 1328 1560 1355 re

235 1374 392 1414 nautica
427 1373 566 1423 petitis
604 1373 674 1412 uti.
738 1372 951 1410 Enimvero
989 1370 1028 1408 in
1068 1371 1209 1410 talibus
1247 1384 1341 1410 usus
1373 1372 1562 1422 loquendi

234 1436 420 1468 accurate
458 1427 728 1466 observandus
763 1431 849 1474 est,
888 1426 937 1464 ad
971 1427 1081 1465 cuius
1110 1439 1283 1466 normam
1315 1441 1413 1479 quae
1443 1428 1561 1468 dubia

235 1489 328 1525 sunt
356 1486 483 1523 omnia
513 1485 614 1534 exigi
645 1484 802 1522 debent.
859 1482 969 1533 Pag
1001 1482 1094 1522 128.
1126 1483 1168 1522 Β.
1197 1484 1288 1534 quid
1317 1485 1437 1522 verba
1464 1497 1557 1524 ποι-

235 1541 371 1594 οῦμαι
400 1537 540 1588 ὸεινός
571 1538 682 1579 εἶναι
719 1539 968 1577 difficultatis
997 1538 1190 1586 habeant,
1226 1552 1303 1578 non
1332 1552 1557 1591 usquequa·-

233 1609 313 1648 que
340 1597 588 1636 intellectum
618 1600 692 1636 est.
749 1595 847 1634 Nam
883 1595 960 1634 etsi
988 1593 1198 1647 ποιοῦμαι
1227 1596 1392 1634 subinde
1421 1597 1478 1634 sic
1497 1596 1557 1634 di-

234 1654 369 1700 citur,
399 1657 444 1691 ut
473 1654 527 1691 sit
555 1652 842 1698 existimor,
869 1650 1091 1697 iudicor,
1120 1651 1241 1689 veluti
1269 1648 1327 1690 De
1355 1651 1554 1715 Rep.V1.

233 1721 274 1761 p.
302 1709 399 1747 498.
435 1709 480 1746 A.
508 1703 856 1747 ἀπαλλάττονται
893 1707 935 1745 οἱ
965 1701 1326 1770 φιλοσο([ο)τατοι
1353 1701 1558 1760 ποιούμε·

232 1779 319 1806 νοι.
375 1763 472 1803 lbid.
512 1764 601 1804 VH.
631 1773 670 1814 p.
699 1761 795 1802 538.
827 1761 871 1801 C.
906 1755 1072 1812 πατοός
1099 1761 1145 1801 δὲ
1173 1763 1336 1802 ἐκείνου
1366 1763 1439 1803 καὶ
1467 1762 1556 1804 τῶν

231 1816 374 1861 ἄλλων
412 1821 686 1871 ποιουμένων
724 1818 905 1858 οἰκείων
972 1816 1067 1855 lbid.
1098 1817 1165 1858 IX.
1194 1830 1232 1868 p.
1267 1819 1361 1858 573
1390 1820 1436 1861 B.
1464 1821 1555 1860 ἑπι-

232 1876 406 1928 θυμίας
447 1875 713 1927 ποιουμένας
745 1867 954 1927 χρηστάςι
992 1877 1123 1912 tamen
1162 1886 1278 1923 quum
1314 1887 1388 1928 per
1427 1876 1554 1938 ipsam

235 1933 471 1972 sententiam
507 1931 732 1980 requiratur
770 1929 902 1980 potius
944 1926 1094 1980 οἴοιιαι
1128 1931 1190 1968 vel
1218 1931 1554 1984 ποοςποιοῦμαι,

231 1989 415 2040 quoniam
453 1988 639 2027 Socrates
678 1986 766 2036 ipse
798 1985 873 2024 sibi
911 1985 1066 2023 solebat
1094 1987 1245 2028 amandi
1272 1992 1398 2026 artem
1425 1987 1556 2027 vindi-

232 2057 351 2093 care,
377 2045 440 2084 vix
468 2043 626 2083 dubium
657 2054 747 2081 esse
774 2042 948 2090 videtur,
978 2042 1069 2090 quin
1096 2042 1215 2082 homo
1243 2047 1380 2082 noster
1405 2043 1553 2084 ποιοῦ·

230 2116 313 2153 μαι
342 2112 413 2151 pro
442 2098 763 2151 προςποιοῦμαι
791 2097 924 2135 dicere
952 2109 1069 2136 ausus
1095 2099 1160 2140 sit.
1217 2098 1434 2149 Singularis
1456 2112 1551 2140 usus

231 2156 420 2207 loquendi
459 2160 524 2194 est
559 2156 675 2193 etiam
711 2153 1175 2204 p.129.A,quoloco
1204 2152 1317 2195 εύῦυ
1355 2154 1434 2195 τοῦ
1462 2155 1552 2195 ‹im-

230 2214 388 2266 μονίου
420 2215 482 2250 est
511 2215 688 2251 contra
717 2209 974 2248 daemonii
1003 2210 1307 2249 mandatum:
1337 2213 1552 2260 quomodo

232 2269 301 2319 qui
337 2268 522 2317 loquutus
559 2268 632 2314 sit,
670 2266 774 2303 inter
800 2265 977 2304 Platonis
1006 2266 1188 2314 aequales
1218 2268 1392 2307 novimus
1420 2269 1550 2306 nemi-

231 2336 344 2372 nem,
373 2335 502 2372 neque
532 2323 640 2360 novit
665 2320 1004 2361 Ruhnkenius
1033 2322 1549 2373 ad'11mG10ss.p.127.

232 2379 315 2420 Sed
354 2380 451 2418 satis
482 2378 582 2416 haec
620 2381 748 2417 sunto.
805 2378 996 2419 Videmus
1027 2379 1128 2416 enim
1159 2378 1220 2416 vel
1248 2391 1294 2416 ex
1324 2379 1385 2417 his
1415 2392 1548 2417 exem-

229 2436 331 2488 plis,
369 2446 483 2484 quam
521 2446 655 2486 parum
685 2433 760 2473 sibi
789 2434 982 2484 scriptor,
1012 2435 1241 2483 ceteroquin
1271 2436 1367 2474 satis
1396 2441 1548 2485 cautus,

230 2490 536 2542 temperaverit,
574 2490 778 2539 quominus
816 2502 933 2541 prava
971 2491 1112 2531 aetatis
1143 2502 1236 2528 suae
1264 2492 1549 2530 consuetudine

228 2548 421 2599 deceptus
458 2545 1012 2595 insolentibusdictionibus,
1050 2557 1149 2596 quae
1175 2545 1326 2586 fraudis
1355 2548 1548 2599 suspicio-

229 2616 322 2649 nem
351 2607 516 2654 possent
545 2602 739 2649 excitare,
769 2602 1013 2643 abuteretur.

341 2660 475 2715 Atque
506 2657 572 2698 his
612 2658 669 2697 ita
706 2659 895 2708 expositis
931 2669 1011 2701 non
1044 2654 1120 2700 iam
1157 2668 1322 2709 vereor,
1371 2667 1422 2702 ne
1458 2660 1547 2708 quis
