1624 2904
214 164 296 204 142
668 136 1083 218 Paomessomnna

211 276 394 315 subtilius
425 279 469 314 et
497 275 759 324 elaboratius,
797 287 924 326 eoque
960 276 1019 320 sic
1053 288 1149 315 usus
1178 281 1262 327 est,
1290 282 1336 318 ut
1362 279 1524 330 explosa

209 333 474 382 sophistarum
513 332 734 370 disserendi
770 332 1015 382 docendique
1041 334 1195 372 ratione
1223 335 1423 374 evinceret
1451 349 1521 376 eos

207 389 503 439 haudquaquam
541 388 705 427 idoneos
745 400 835 427 esse
875 389 1032 427 virtutis
1071 391 1305 439 magistros,
1348 393 1451 441 quod
1480 394 1522 432 iu

204 458 323 482 unum
354 445 559 482 Socratem
598 445 731 494 potius
760 445 975 485 conveniat,
1006 445 1111 485 conf.
1141 446 1326 497 Prolegg.
1356 448 1404 486 ad
1432 448 1519 487 Eu-

195 499 379 551 ‘thydem
417 513 456 551 p.
493 501 549 539 64
586 511 671 549 sqq.
729 499 969 541 Sedmissis
1007 501 1068 538 his
1107 501 1430 542 hariolationibus
1469 504 1520 543 ad

203 569 274 595 eos
330 556 461 595 librosx
499 561 766 603 revertamur,
822 556 873 594 de
930 557 1070 606 quibus
1111 557 1245 596 dicere
1293 561 1518 598 constitue-

201 625 299 654 ram.
367 612 518 661 Quodsi
569 612 692 662 igitur
727 612 943 650 verisimile
977 617 1040 651 est
1070 613 1274 652 Critonem
1306 614 1395 653 fere
1424 616 1518 654 ulti-

202 681 309 707 mum
344 680 479 706 eorum
525 668 712 706 librorum
752 667 902 719 fuisse,
936 669 977 706 in
1006 669 1144 718 quibus
1174 682 1286 708 more
1314 670 1520 710 Socratico

201 725 253 763 de
271 726 457 763 virtutum
474 725 511 762 vi
531 728 572 761 et
600 728 738 762 natura
766 724 820 762 ita
848 723 1083 774 disputatur,
1112 729 1155 763 ut
1174 727 1284 775 ipsae
1310 727 1425 766 simul
1442 727 1518 765 So-

201 782 300 819 crati
335 781 476 818 eximie
511 780 781 827 vindicentur,
827 784 996 828 quatuor
1022 785 1153 819 autem
1181 782 1240 819 illi
1268 783 1436 834 dialogi,
1466 783 1517 822 de

199 837 340 886 quibus
381 837 603 885 quaeritur,
639 836 860 886 argumenti
897 837 1129 886 cognatione
1165 838 1329 886 quadam
1371 843 1412 878 et
1441 851 1517 879 ne-

198 892 439 931 cessitudine
478 895 580 930 cum'
603 904 651 929 eo
691 891 864 941 copulati
901 896 1014 939 sunt;
1059 904 1305 942 consequens
1347 899 1431 942 est,
1470 897 1516 933 ut

196 949 317 987 iidem
357 949 533 998 proximo
571 947 661 985 fere
694 952 879 997 tempore
916 951 1007 985 ante
1045 947 1223 987 Socratis
1257 953 1428 988 mortem
1452 950 1516 989 vel

195 1006 486 1044 accusationem
533 1004 673 1053 scripti
711 1016 803 1053 esse
839 1004 1083 1042 existimandi
1131 1005 1221 1043 sint.
1304 1006 1516 1045 Enimvero

194 1060 273 1099 hoc
311 1061 397 1110 ipso
435 1064 616 1110 tempore
646 1059 758 1097 Plato
788 1072 876 1097 eum
905 1059 1058 1108 locum,
1093 1061 1159 1109 qui
1188 1063 1252 1100 est
1280 1061 1330 1100 de
1355 1063 1514 1102 virtuti·

195 1117 399 1166 disciplina
436 1118 600 1164 eiusque
638 1116 676 1153 vi
711 1119 753 1153 et
781 1117 1044 1166 praestantia,
1078 1116 1118 1155 in
1146 1116 1298 1156 deliciis
1327 1118 1515 1158 habuisse

192 1172 368 1219 videtur,
413 1173 496 1209 sive
532 1171 638 1221 quod
678 1172 764 1210 eius
805 1171 1101 1221 explicationem
1147 1173 1301 1212 videret
1347 1175 1514 1213 multum

195 1229 386 1267 momenti
424 1227 561 1265 facere
599 1227 647 1265 ad
683 1227 966 1266 ostendendam
1011 1228 1239 1277 disciplinae
1285 1229 1515 1269 Socraticae

186 1285 474 1335 ,praestantiam
503 1288 545 1322 et
572 1283 803 1335 dignitatem
832 1284 1038 1334 ipsumque
1065 1284 1406 1325 aden-Socratem
1442 1286 1512 1325 de-

193 1341 450 1387 fendendum,
481 1341 563 1378 sive
592 1342 682 1391 quia
710 1341 926 1378 doctrinam
957 1340 1006 1378 de
1033 1341 1182 1378 virtute
1209 1354 1232 1379 a
1257 1341 1423 1381 Socrate
1450 1343 1512 1381 in-

193 1397 376 1436 choatam
413 1396 629 1446 profligare
665 1396 835 1435 ulterius
873 1400 992 1446 atque
1031 1396 1234 1435 illustrare
1261 1398 1397 1439 vellet.
1453 1399 1511 1437 Et

191 1454 448 1491 confirmatur
466 1453 565 1490 hacc
585 1454 783 1492 sententia
810 1453 977 1490 mirifice
1006 1453 1079 1501 iis,
1108 1464 1208 1501 quae
1238 1454 1330 1492 alibi
1357 1454 1407 1492 de
1435 1454 1511 1493 hac

189 1522 238 1548 re
265 1509 464 1560 disputata
493 1511 595 1549 sunt.
652 1508 751 1547 Nam
780 1509 992 1547 Menonem
1021 1509 1179 1558 quidem
1203 1505 1406 1548 docuimus
1434 1522 1513 1550 non

191 1566 249 1603 ita
276 1566 401 1603 multo
430 1570 522 1603 ante
549 1565 744 1614 publicam
782 1564 960 1603 Socratis
997 1566 1283 1609 accusationem
1321 1568 1513 1616 scriptum

189 1622 340 1668 videri,
369 1633 446 1671 quo
475 1626 657 1671 tempore
684 1622 761 1659 iam
792 1621 968 1659 simultas
994 1621 1183 1670 quaedam
1223 1625 1341 1670 atque
1379 1622 1510 1673 odium

189 1679 298 1716 inter
325 1679 452 1728 ipsum
484 1681 526 1715 et
553 1679 725 1728 Anytum
756 1678 981 1718 exarsisset.
1047 1677 1296 1715 Charmidem
1325 1689 1420 1716 vero
1448 1679 1507 1717 vi·-

193 1734 333 1771 demur
368 1737 482 1771 recte
520 1734 708 1771 statuisse
745 1732 929 1783 Prolegg.
963 1745 1001 1782 p.
1039 1732 1107 1773 86.
1145 1745 1214 1771 sex
1261 1732 1351 1772 fere
1395 1735 1505 1773 annis

189 1794 281 1828 ante
326 1789 504 1827 Socratis
552 1790 702 1827 obitum
746 1788 874 1827 literis
931 1782 1129 1826 exaratum
1187 1801 1292 1832 esse.
1373 1789 1506 1841 Magis

189 1858 334 1896 anceps
387 1845 437 1883 de
481 1844 658 1883 Lachete
702 1845 887 1882 iudicium
934 1849 1017 1882 est:
1074 1857 1290 1893 quanquam
1337 1858 1385 1884 ex
1411 1842 1506 1885 ‘So-

186 1904 360 1940 craticae
397 1902 601 1939 doctrinae
641 1901 817 1951 vestigiis
853 1902 892 1939 in
929 1913 977 1938 eo
1016 1902 1237 1950 conspicuis
1274 1906 1385 1940 certo
1422 1904 1506 1942 col-

186 1958 316 2008 ligere
344 1987 347 1989 *
371 1958 467 1997 licet
522 1970 610 1995 eum
667 1957 807 1995 eodem
864 1957 955 1995 fere
1009 1961 1191 2006 tempore
1246 1962 1363 2008 atque
1411 1959 1503 1998 Me-

187 2027 330 2053 nonem
358 2014 420 2052 vel
449 2015 581 2064 potius
610 2013 740 2063 paullo
771 2016 861 2051 ante
891 2014 1152 2064 compositum
1173 2026 1276 2054 esse.
1332 2014 1376 2052 Id
1398 2017 1504 2065 quod

186 2071 422 2109 confirmant
465 2082 564 2118 quae
601 2071 641 2107 in
678 2069 863 2120 Prolegg.
899 2069 946 2107 ad
985 2069 1147 2107 Lachet.
1185 2083 1223 2119 p.
1254 2071 1320 2108 10.
1363 2073 1508 2114 obser-1

186 2129 371 2168 vavimus.
429 2126 552 2176 Igitur
577 2126 680 2164 hunc
709 2125 799 2163 fere
828 2126 1002 2163 ordinem
1033 2126 1173 2164 horum
1195 2127 1382 2165 librorum
1411 2135 1516 2169 esse‘

185 2184 418 2233 putaverim,
450 2187 494 2219 ut
514 2182 763 2220 Charmidem
793 2183 933 2232 primo,
962 2181 1179 2226 Lachetem
1210 2183 1383 2221 secundo
1410 2184 1502 2225 loco

187 2239 410 2289 ponendum
449 2243 687 2286 statuamus,
727 2242 818 2287 post
855 2239 959 2276 hunc
996 2238 1369 2286 autcm‘Menonem
1397 2242 1502 2282 arbi*

186 2301 343 2343 tremur
380 2294 597 2343 prodiisse,
638 2307 685 2332 ex
727 2295 838 2331 cuius
873 2300 1055 2344 tanquam
1093 2295 1219 2344 stirpe
1255 2294 1398 2335 deinde
1436 2310 1500 2338 ar-

187 2351 378 2389 tificiores
407 2350 497 2387 libri
525 2351 766 2400 Protagorae
797 2354 838 2389 et
866 2351 1108 2401 Euthydemi
1135 2351 1378 2400 prodierunt.

295 2406 507 2454 Reliquum
545 2411 609 2444 est
647 2407 788 2456 igitur,
829 2411 874 2445 ut
918 2419 995 2456 quo
1041 2411 1220 2457 tempore
1262 2407 1500 2459 Eutliyphro

186 2463 359 2512 scriptus
399 2462 472 2508 sit,
511 2463 659 2500 certius
695 2464 941 2510 exquiratur..
999 2462 1059 2501 De
1104 2474 1179 2512 qua
1215 2475 1261 2501 re
1295 2465 1500 2513 praeclare

185 2519 396 2568 disputavit
423 2517 474 2557 H.
504 2519 539 2556 A
585 2518 981 2570 Schierenberg
1008 2520 1048 2557 in
1066 2524 1355 2568 programmate
1374 2521 1497 2558 scho-

184 2576 327 2614 lastico
358 2574 561 2623 Lemgovii
601 2587 636 2615 a.
676 2574 795 2614 18:50.
840 2575 971 2622 edito,
1008 2574 1112 2623 quod
1149 2575 1380 2624 inscriptum
1411 2580 1497 2615 est:

185 2631 360 2682 Ueber
397 2630 476 2667 die
505 2630 628 2667 Zeit
671 2630 756 2669 der
803 2630 1226 2687 Abfassung'des
1262 2632 1497 2671 Platoni-

187 2687 342 2727 schen
381 2686 741 2738 Euthyphron,
797 2687 836 2728 Is
866 2689 969 2728 enim
995 2687 1310 2732 luculentissime
1336 2689 1497 2728 demon-
