1624 2904
508 128 591 174 Al>
620 127 976 177 THEAGEM.
1335 126 1427 172 228

188 245 375 289 Tertium
403 245 533 287 malae
560 245 802 298 suspicionis
830 247 1110 299 argumentum
1147 242 1189 285 in
1228 242 1426 285 imitatio·

76 305 142 350 uls
178 306 360 357 vestigiis
398 306 575 356 positum
605 316 698 344 esse
726 303 910 346 diximus.
965 303 1045 343 Hic
1073 314 1172 342 vero
1201 301 1281 342 duo
1309 302 1427 342 loco-

75 376 166 406 rum
203 375 355 415 genera
391 361 650 412 discernenda
677 364 782 404 sunt.
859 361 904 400 In
931 361 1020 400 aliis
1050 361 1155 399 enim
1183 360 1335 400 tectior
1362 361 1429 401 est

25 415 31 420 Κ
77 421 249 462 imitatio
279 420 504 472 callidoque
532 419 704 457 artificio
735 408 959 466 occultata3
990 419 1030 457 in
1061 418 1149 457 aliis
1180 417 1320 457 eadem
1342 420 1427 458 tam

76 483 222 531 aperta
252 482 408 526 exstat,
436 481 482 516 ut
510 475 803 528 propemodum
832 476 1013 515 incurrat
1039 476 1080 515 iu
1110 475 1264 517 oculos.
1310 474 1426 515 Illius

77 536 243 588 generis
284 534 467 586 exempla
501 537 594 572 sunt
622 546 662 585 p.
698 533 790 576 123.
819 533 865 575 C.
895 532 945 574 Ε.
974 545 1075 585 quae
1104 532 1338 572 adumbrata
1364 531 1428 571 vi-

78 593 227 633 dentur
264 591 313 630 ad
348 591 477 631 Alcib.
518 590 548 632 l.
581 603 624 642 1).
665 589 760 633 125.
797 590 829 629 Β
869 602 981 642 sqq„
1022 602 1146 642 porro
1177 603 1220 641 p.
1249 589 1346 628 126.
1373 587 1427 633 1).

79 651 313 702 quibuscum
331 649 398 687 illa
410 647 521 689 Men.
533 660 571 699 p.
583 648 651 688 93.
669 645 802 699 Dsqq.
816 647 979 699 Protag.
994 660 1031 699 p.
1041 647 1136 687 319.
1152 647 1285 697 Esqq.
1297 646 1428 698 Gorg.

77 718 118 759 p.
129 706 227 748 518.
241 705 286 744 C.
314 705 443 745 Alcib
466 701 496 746 l.
510 717 548 756 p.
562 704 658 746 118.
678 704 722 745 G
742 704 999 744 contendisse
1020 704 1190 752 iuxabit3
1219 716 1258 755 p.
1273 703 1364 742 130.
1375 703 1427 747 A.

77 763 148 803 ubi
175 762 395 815 respicitur
427 762 600 804 Theaet.
630 774 669 813 p.
700 761 796 801 150.
826 762 898 805 E.-
866 791 900 811 .,
929 774 970 814 p.
1003 762 1096 804 130.
1129 761 1175 800 B.
1208 761 1276 813 qui
1308 760 1427 800 locus

75 820 219 872 inepte
253 832 303 859 ex
341 819 480 872 Symp.
510 832 550 871 p.
582 818 679 861 175.
707 817 755 858 D.
786 819 838 861 E.
865 832 1082 871 expressus
1114 822 1202 866 est;
1231 817 1284 861 al.
1342 816 1427 858 Sed

75 877 262 919 nolumus
288 878 442 926 omnia,
473 889 575 929 quae
602 876 797 917 leviorem
825 877 977 916 habent
1014 875 1251 916 imitationis
1290 875 1428 927 suspi-

76 935 257 983 cionem,
300 946 548 973 enumerare.
613 933 714 973 Nam
761 935 1039 987 gravissimum
1087 936 1337 972 momentum
1376 930 1429 972 ad

21 1028 24 1032 .
75 991 193 1031 litem
229 991 517 1031 diiudicandum
555 989 634 1030 duo
670 991 752 1030 loci
789 991 943 1031 faciunt
980 1004 1021 1044 p.
1051 989 1147 1034 128.
1177 991 1226 1030 A.
1256 992 1299 1029 et
1328 989 1428 1034 128.

75 1046 152 1098 D.,
181 1049 250 1101 qui
277 1047 571 1101 propemodum
600 1047 651 1087 ad
675 1048 800 1088 verba
828 1061 877 1088 ex
905 1049 1106 1101 Apologia
1144 1046 1326 1087 Socratis
1357 1058 1429 1086 ex-

76 1107 225 1159 scripti
255 1110 361 1149 sunt.
389 1119 424 1146 v.
464 1108 598 1147 annot.
664 1105 783 1154 Quod
811 1106 879 1158 qui
907 1106 1090 1158 potuerit
1118 1105 1167 1144 ab
1196 1105 1246 1144 iis
1276 1103 1430 1157 negligi

76 1164 144 1204 vel
173 1164 379 1212 excusari,
423 1165 490 1215 qui
523 1175 652 1214 nuper
681 1162 775 1203 libri
812 1164 1096 1203 auctoritatem
1125 1163 1233 1201 tueri
1262 1161 1431 1202 studue-

76 1224 198 1270 runt,
228 1220 493 1259 vehementer
530 1221 731 1262 miramur.
795 1219 898 1260 Nam
928 1219 1261 1272 quemadmodum
1289 1218 1432 1258 Plato-

78 1289 174 1319 nem
212 1279 318 1318 bene
355 1279 534 1317 novimus
564 1277 670 1316 haud
706 1289 797 1316 raro
837 1278 1000 1317 easdem
1041 1278 1267 1317 sententias
1306 1275 1431 1317 simili

18 1361 21 1363 -
81 1334 204 1376 modo
233 1338 424 1387 repetere
453 1339 576 1386 atque
593 1334 725 1373 denuo
742 1334 975 1384 inculcare3
1004 1335 1060 1373 ita
1087 1335 1128 1374 in
1154 1334 1205 1374 iis
1236 1334 1430 1386 operibus

81 1391 343 1446 philosophi,
383 1392 435 1430 de
472 1404 640 1443 quorum
677 1391 759 1430 fide
796 1396 912 1432 certo
952 1395 1134 1442 constat,
1172 1391 1326 1430 nullum
1353 1402 1430 1430 us-

81 1461 201 1501 quam
238 1449 371 1488 locum
411 1449 579 1488 inveniri
618 1452 872 1501 compertum
917 1449 1112 1489 habemus
1164 1449 1245 1487 isto
1294 1447 1433 1498 modo,

81 1505 164 1547 hoc
204 1510 270 1546 est
305 1506 448 1545 iisdem
486 1506 620 1545 verbis
650 1518 707 1555 >ac
735 1511 894 1546 servato
924 1506 1024 1545 adeo
1054 1505 1318 1554 anacolutho,
1347 1506 1434 1545 ite-

81 1566 229 1606 ratum.
298 1562 380 1603 Iam
419 1576 538 1615 quum
575 1563 655 1602 hoc
693 1564 992 1615 apertissimum
1028 1564 1082 1602 sit
1111 1563 1268 1602 servilis
1297 1563 1434 1602 imita-

81 1620 205 1660 tionis
234 1619 541 1668 documentum,
573 1620 667 1672 quid
696 1620 747 1659 de
774 1621 824 1660 iis
854 1622 955 1661 locis
986 1621 1111 1660 statui
1148 1624 1362 1672 oporteat,
1390 1620 1434 1660 in

23 1715 26 1717 .
83 1677 229 1730 quibus
265 1677 415 1717 leviora
455 1681 550 1716 sunt
589 1678 821 1717 imitationis
855 1679 1049 1730 vestigia,
1096 1690 1174 1717 non
1211 1682 1276 1717 est
1323 1676 1434 1729 quod

83 1746 328 1775 moneamus.
384 1734 538 1775 Verum
567 1738 771 1787 utcunque
801 1735 852 1774 de
882 1735 1049 1788 singulis
1077 1735 1337 1784 indicaveris,
1366 1734 1433 1774 fa-

84 1791 197 1831 ciunt
223 1795 357 1831 tamen
385 1791 486 1830 haec
515 1792 668 1841 omnia,
707 1796 752 1831 ut
787 1793 935 1832 librum
975 1804 1056 1832 non
1084 1805 1107 1830 a
1135 1792 1327 1841 Platone,
1357 1791 1434 1832 sed

86 1849 138 1888 ab
166 1847 246 1887 alio
284 1850 486 1901 scriptore
523 1850 841 1889 consarcinatum
872 1862 966 1890 esse
995 1850 1194 1902 suspicari
1226 1863 1432 1902 cogamur.

87 1903 172 1945 Sed
211 1905 309 1944 satis
348 1905 399 1945 de
432 1905 510 1945 hac
549 1919 616 1945 re:
645 1907 927 1959 progredimur
953 1907 1003 1947 ad
1032 1912 1218 1960 quartum
1244 1906 1437 1957 νοθείας

88 1965 383 2014 argumentum.

26 2017 63 2080 {¹}
203 2018 369 2058 Etenim
406 2031 532 2070 genus
571 2018 753 2069 dicendi,
792 2033 871 2073 quo
899 2022 1080 2074 scriptor
1105 2022 1255 2070 utitur,
1285 2021 1367 2061 etsi
1393 2020 1436 2062 in

28 2077 61 2135 {1
89 2074 317 2114 universum
355 2077 452 2115 satis
492 2080 645 2116 castum
684 2082 749 2117 est
785 2083 906 2130 atque
944 2081 1137 2131 probum,
1173 2083 1309 2118 tamen
1339 2078 1438 2118 sub-

89 2131 187 2172 inde
223 2132 375 2184 aliquas
411 2137 527 2172 notas
567 2133 712 2184 habet,
751 2137 894 2186 quibus
923 2137 988 2176 vel
1019 2137 1067 2176 ab
1097 2136 1226 2188 ipsius
1254 2136 1437 2175 Platonis

39 2214 56 2267 :s
92 2201 304 2246 sermone,
333 2189 397 2229 vel
427 2190 585 2230 omnino
615 2204 637 2230 a
666 2192 920 2243 Graecitate,
952 2195 1079 2246 qualis
1112 2195 1197 2233 eius
1229 2198 1363 2232 aetate
1393 2196 1438 2233 et

91 2239 230 2299 paullo
269 2251 366 2299 post
399 2247 550 2299 viguit,
579 2247 700 2288 facile
729 2249 999 2303 dignoscatur.
1057 2252 1169 2302 Quae
1199 2263 1438 2318 quamquam

51 2312 58 2338 ’.
93 2315 261 2344 numero
291 2317 442 2356 paucae
473 2308 587 2355 sunt,
617 2309 749 2347 tamen
778 2321 853 2360 pro
885 2309 1027 2361 exiguo
1059 2309 1153 2348 libri
1190 2309 1340 2347 ambitu
1371 2308 1438 2347 vi-

95 2360 182 2400 deri
219 2366 391 2413 possunt
432 2363 529 2401 satis
558 2363 720 2407 multae.
777 2365 837 2404 Ita
864 2367 971 2417 quod
1000 2379 1039 2418 p.
1070 2368 1166 2405 121.
1196 2366 1244 2405 A.
1277 2364 1438 2406 ὶόιολο-

96 2418 280 2472 γεῖσθαι
304 2419 449 2459 dicitur
470 2420 542 2469 sic,
564 2424 610 2461 ut
632 2421 685 2459 sit
708 2423 963 2472 privatim
986 2437 1096 2463 cum
1116 2424 1303 2474 aliquo
1329 2421 1438 2460 col-

48 2473 261 2526 loqui,
291 2476 408 2514 huius
437 2477 549 2514 xerbi
569 2490 682 2516 usum
702 2480 901 2532 antiquior
930 2486 1046 2520 certe
1075 2482 1211 2521 Attica
1240 2479 1438 2518 dialectus

99 2530 312 2581 ignorauit.
339 2533 609 2584 frequentant
634 2536 799 2576 citerior
827 2538 1052 2588 Graecitas,
1083 2538 1134 2576 de
1155 2550 1231 2590 qua
1252 2536 1438 2575 consulas

50 2600 54 2634 ³1
99 2585 412 2629 Dorvillium
455 2590 504 2629 ad
541 2591 694 2632 Charit.
733 2606 771 2646 p.
811 2595 893 2635 451
932 2596 995 2638 ed.
1030 2596 1141 2646 Lips.
1180 2607 1218 2645 p·
1259 2593 1357 2636 543.
1394 2596 1439 2632 et

49 2637 62 2696 ζ
103 2642 365 2687 Suicerum
404 2647 532 2690 Thes.
570 2649 729 2689 Eccles.
767 2651 818 2695 Τ.
858 2653 887 2692 1.
921 2666 961 2704 p.
1006 2653 1128 2691 14:34.
1169 2650 1266 2691 lbid.
1297 2651 1346 2692 B.
1384 2645 1436 2690 τὸ

53 2765 58 2774 ἱ
103 2702 351 2757 φυτευθὲν,
382 2705 488 2757 quod
527 2706 834 2760 propullulavit,
874 2714 1015 2750 contra
1043 2708 1223 2748 Platonis
1252 2707 1443 2759 loquendi

48 2779 94 2809 ft
