1624 2904
211 148 227 164 *
268 147 355 192 222
722 122 1138 190 encraticarum

266 271 375 303 mum
410 270 556 312 posse,
592 257 661 312 qui
695 270 784 299 cum
811 259 900 310 ipso
929 260 1243 301 conversentur-⁶!
1298 259 1380 300 Sed
1406 261 1586 305 nimirum

268 318 416 358 artifex
457 321 598 356 noster
631 315 733 354 hauc
780 315 1025 355 declamandi
1065 317 1400 367 opportunitatem
1445 323 1584 358 nactus

266 373 490 414 fabularum
526 371 800 411 narrandarum
838 373 1173 422 opportunitatem
1215 373 1342 411 noluit
1361 374 1584 424 dimittere3

267 441 347 480 quo
375 428 526 467 factum
555 431 642 477 est,
677 431 723 467 ut
755 441 822 467 res
850 427 1129 467 dissimillimas
1158 428 1384 468 confuderit
1422 434 1464 468 et
1493 443 1585 469 nar-

266 485 507 526 ratiunculas
534 485 610 523 iam
646 496 719 535 per
747 496 793 523 se
821 485 1119 535 superstitiosas
1159 488 1201 523 et
1229 485 1427 524 absurdas
1444 486 1586 524 absur-

265 541 357 582 dius
395 541 512 580 etiam
550 540 816 580 inculcaverit.
881 539 1029 579 Similis
1071 541 1171 579 ratio
1201 552 1337 580 eorum
1368 546 1450 590 est,
1482 554 1583 592 quae

266 602 447 638 extrema
484 597 576 636 libri
609 600 722 647 parte
756 596 807 634 de
847 591 1025 635 Aristide
1061 601 1280 638 narrantur.
1355 597 1431 646 Qui
1479 596 1586 648 quod

263 653 523 707 perhibetur,
561 657 818 703 posteaquam
856 651 904 689 ad
943 652 1092 691 bellum
1122 653 1330 703 profectus
1358 654 1426 701 sit,
1453 653 1586 691 collo-

265 709 413 761 quendi
441 722 487 747 ac
515 708 735 747 disserendi
763 708 957 746 facultate
985 708 1199 756 defecisse,
1228 709 1368 748 mirum
1399 714 1462 748 est
1486 720 1586 759 pro-

263 766 391 813 fecto,
416 765 520 816 quod
540 765 615 803 ista
634 764 882 814 potissimum
899 763 1070 803 facultas
1091 766 1432 813 commemoratur,
1465 776 1584 815 quum

266 821 471 862 Socratica
513 820 717 871 disciplina
747 819 866 870 longe
914 819 1031 859 aliam
1076 821 1317 871 spectaverit
1363 820 1587 860 disserendi

263 879 484 926 rationem,
512 889 627 928 quam
655 887 757 926 quae
783 876 839 914 ibi
871 875 1110 915 describitur
1137 876 1412 915 confabulandi
1439 876 1586 915 soller-
1614 899 1617 909 ι

263 935 335 973 tia.
389 933 479 973 Nou
506 933 633 973 minus
661 931 830 970 absurde
856 944 894 983 p.
924 931 1018 972 128.
1046 931 1093 974 B.
1123 931 1309 971 Socrates
1336 933 1392 972 ita
1416 932 1585 982 loquens

264 989 487 1038 inducitur,
515 992 562 1027 ut
598 988 697 1027 artis
731 988 945 1026 amatoriae
982 1000 1079 1026 suae
1115 988 1357 1027 mentionem
1409 988 1585 1029 inficiat:

264 1058 368 1098 quae
399 1057 587 1096 quorsum
613 1043 761 1082 referri
788 1043 955 1091 debeat,
984 1044 1074 1094 quia
1102 1056 1150 1083 ex
1177 1044 1255 1083 hoc
1293 1044 1371 1083 hoc
1399 1055 1586 1084 sermone

264 1102 425 1142 minime
454 1100 711 1151 intelligitur,
737 1111 854 1138 nemo
883 1100 1088 1150 quisquam
1114 1100 1188 1139 viri
1205 1104 1377 1139 mentem
1394 1112 1588 1151 asseque-

263 1161 352 1207 tur,
381 1158 457 1196 nisi
491 1157 558 1208 qui
583 1156 661 1194 vim
690 1158 734 1194 et
761 1156 1087 1207 significationem
1115 1157 1328 1195 amatoriae
1350 1156 1465 1195 huius
1493 1168 1588 1207 pro-

262 1212 455 1254 fessionis
491 1213 569 1251 iam
610 1223 659 1250 ex
695 1210 783 1250 aliis
809 1211 984 1251 Platonis
1015 1212 1126 1250 libris
1153 1213 1349 1263 cognitam
1378 1211 1586 1251 habuerit:

263 1270 371 1321 quod
399 1272 511 1308 certe
538 1269 578 1307 in
608 1267 813 1319 Theagem
841 1279 919 1306 non
949 1269 1159 1307 convenire
1187 1268 1353 1319 quilibet
1381 1268 1500 1306 facile
1527 1268 1587 1306 vi-

263 1325 390 1367 debit.
453 1324 536 1364 Sed
571 1336 723 1363 morum
761 1325 936 1372 notatio,
972 1328 1016 1362 ut
1053 1324 1104 1362 de
1140 1324 1216 1362 hac
1254 1335 1409 1375 quoque
1442 1322 1589 1375 aliquid

264 1382 468 1429 dicamus,
509 1381 666 1419 omnino
701 1391 836 1430 parum
877 1383 942 1418 est
970 1380 1130 1430 elegans
1159 1384 1279 1431 atque
1308 1379 1471 1419 subinde
1498 1379 1590 1418 infi-

264 1443 367 1478 ceta.
424 1435 527 1486 Quis
568 1437 671 1476 enim
710 1448 788 1474 non
816 1436 981 1474 miretur
1008 1436 1239 1487 a'heagem,
1267 1437 1329 1475 vix
1356 1436 1498 1486 puerili
1524 1437 1609 1475 in-·

264 1493 474 1534 stitutione
509 1504 741 1545 egressum,
770 1492 937 1530 necdum
972 1503 1060 1531 cum
1096 1504 1289 1543 quoquam
1327 1492 1451 1530 civilis
1489 1503 1585 1542 pru-

263 1551 423 1590 dentiae
451 1548 736 1601 comparandae
764 1549 891 1599 gratia
917 1552 1137 1597 versatum,
1167 1553 1299 1587 tamen
1334 1549 1392 1587 ita
1418 1548 1586 1598 loquen-

263 1611 347 1647 tem
385 1606 542 1654 induci,
575 1609 622 1643 ut
648 1604 855 1644 Socratem
887 1605 1042 1643 noverit
1070 1605 1239 1643 civilium
1268 1605 1439 1642 virorum
1469 1604 1583 1642 insti-

261 1663 459 1703 tutionem
499 1674 546 1700 ac
581 1661 828 1711 disciplinam
867 1660 1073 1698 admodum
1110 1659 1379 1710 vilipendere,
1427 1659 1583 1709 sibique

260 1719 314 1759 de
346 1718 464 1756 huius
501 1718 723 1756 sententiae
759 1717 928 1754 veritate
963 1716 1239 1766 persuaserit?
1296 1714 1370 1754 Cui
1397 1727 1475 1754 non
1502 1714 1584 1754 De-

259 1774 419 1816 modoci
452 1785 585 1812 mores
623 1771 788 1823 permiri
824 1771 1058 1810 videantur?
1098 1772 1163 1822 qui
1200 1784 1317 1821 quum
1348 1771 1440 1810 olim
1471 1784 1583 1810 sum-

261 1843 351 1871 mos
387 1830 640 1880 magistratus
669 1840 809 1879 magna
837 1840 926 1866 cum
955 1827 1072 1865 laude
1106 1828 1282 1878 gessisse
1311 1827 1477 1876 dicatur,
1506 1839 1582 1878 per

260 1890 391 1927 totum
429 1886 570 1924 librum
602 1896 650 1923 eo
681 1896 864 1923 sermone
895 1884 1045 1931 utitur,
1083 1889 1126 1921 ut
1154 1895 1265 1921 more
1293 1884 1431 1921 rustici
1457 1884 1581 1922 alicu-

259 1943 323 1984 ius
350 1942 553 1981 rhetorice
580 1940 773 1979 balbutiat
800 1944 918 1989 atque
947 1940 1199 1990 loquutiones
1228 1940 1276 1977 ab
1310 1951 1435 1990 opere
1463 1951 1578 1991 agre·
1607 1952 1608 1955 ¹

259 1999 318 2041 sti
347 1999 493 2050 petitas
522 1996 572 2035 ad
599 1996 775 2035 taedium
805 2008 931 2046 usque
959 1997 1131 2046 repetat.
1188 1995 1268 2034 Sed
1287 1997 1454 2034 omnium
1485 2008 1581 2047 pes-

258 2056 363 2096 sime
390 2054 569 2093 Socratis
598 2053 868 2091 adumbratum
899 2056 962 2090 est
990 2052 1200 2102 ingenium.
1262 2052 1340 2090 Hic
1370 2052 1471 2090 enim
1500 2063 1580 2091 non

257 2115 341 2152 tam
370 2109 602 2163 philosophi
630 2122 744 2160 quam
771 2109 961 2147 vatidicae
992 2109 1155 2146 alicuius
1184 2120 1279 2146 anus
1317 2112 1453 2158 partes
1482 2108 1578 2159 agit.

255 2166 358 2208 Nam
387 2178 488 2218 quae
515 2165 566 2204 de
592 2166 630 2204 vi
658 2165 852 2203 daemonii
881 2165 942 2203 sui
970 2164 1167 2214 disputat,
1206 2176 1253 2202 ea
1279 2164 1577 2214 haudquaquam

257 2223 300 2263 id
335 2225 542 2274 spectant,
585 2225 628 2260 ut
663 2221 795 2260 faceta
830 2233 918 2259 cum
955 2221 1176 2258 urbanitate
1213 2220 1372 2257 simulet
1405 2220 1576 2258 inscien-
1623 2253 1624 2260 ἶ

255 2280 376 2326 tiam,
416 2277 487 2317 sed
529 2289 577 2315 eo
614 2278 748 2329 potius
784 2277 1007 2327 pertinent,
1036 2279 1082 2314 ut
1110 2276 1354 2313 daemonium
1384 2276 1576 2315 ostenda-
1620 2296 1624 2320 ;

255 2338 324 2375 tur
350 2346 428 2373 non
444 2333 559 2372 modo
580 2334 659 2384 ipsi
685 2334 820 2372 futura
849 2332 1103 2383 portendere,
1132 2332 1201 2369 sed
1232 2333 1349 2370 etiam
1369 2331 1573 2382 discipulis
1621 2327 1623 2363 ῗ

255 2390 323 2431 vel
358 2402 578 2442 prosperos
612 2389 675 2428 vel
712 2402 849 2440 parum
888 2389 1081 2427 secundos
1119 2389 1159 2426 in
1188 2388 1440 2438 philosophia
1477 2400 1574 2438 pro-
1619 2386 1622 2430 2³

255 2451 420 2499 gressus
458 2446 618 2488 afferre,
683 2445 798 2494 Quod
839 2446 924 2495 quis
961 2451 1024 2483 est
1059 2445 1150 2494 quin
1179 2444 1353 2482 Socratis
1381 2443 1574 2482 Platonici
1618 2456 1621 2491 J

254 2515 428 2555 persona
463 2513 628 2552 prorsus
663 2501 863 2552 indignum
901 2513 994 2538 esse
1030 2500 1249 2551 largiatur‘ss
1313 2499 1423 2537 Haec
1452 2500 1573 2549 igitur

254 2562 376 2609 atque
403 2558 478 2596 alia
507 2557 648 2595 similia
676 2569 748 2595 nos
778 2556 933 2607 quidem
962 2557 1196 2595 arbitramur
1224 2555 1327 2605 apud
1357 2555 1573 2606 prudentes

253 2615 359 2653 viros
388 2626 473 2652 eam
502 2613 578 2651 vim
608 2613 801 2661 habitura,
829 2616 873 2650 ut
901 2612 1016 2651 huius
1046 2613 1180 2663 operis
1209 2612 1328 2650 fidem
1356 2612 1574 2649 auctorita-

253 2674 436 2722 temque,
463 2669 538 2707 iam
567 2668 712 2708 dudum
736 2672 963 2721 suspectam
990 2668 1122 2718 illam,
1159 2669 1319 2721 penitus
1347 2667 1574 2719 infringant.
1615 2677 1617 2680 ·
