1624 2904
481 153 539 210 m
566 152 1051 206 Eumwnaommr,
1359 155 1444 198 141
1508 120 1513 131 ‘

105 275 296 324 tantia,
323 272 682 320 fortitudine,
712 271 1005 324 sapientia,
1043 270 1277 323 pietate,
1311 269 1446 312 disce-

105 338 244 386 ptaret
279 344 427 383 easque
463 343 602 370 omnes
641 331 683 370 iu
721 328 890 368 Socrate
920 341 1094 369 summas
1121 328 1252 370 fuisse
1281 327 1448 370 demon-

107 394 270 431 straret.
334 389 596 428 Desideratur
632 399 710 426 una
753 387 998 435 iustitia,
1040 399 1156 438 quam
1186 391 1231 426 et
1264 387 1394 439 ipsam
1423 398 1448 427 a

107 446 278 487 Socrate
315 447 422 486 inter
459 445 666 498 primarias
703 443 864 484 virtutis
893 443 1047 483 formas
1076 448 1324 484 numeratam
1354 456 1451 484 esse
1524 460 1535 469 ²

107 510 280 544 constat.
349 503 454 554 Quid
490 502 644 555 igitur?
681 501 874 540 hanccine
904 514 1021 540 unam
1047 502 1277 553 putabimus
1304 514 1329 541 a
1355 500 1451 542 Pla·-

107 566 206 602 tone
248 561 474 613 neglectam
515 572 609 598 esse
647 571 779 611 neque
816 559 1005 597 similiter
1050 558 1289 598 tractatam‘!
1359 557 1452 600 Non

108 632 206 659 sane
241 619 320 657 hoc
354 617 570 656 verisimile
609 619 686 655 est.
758 614 841 654 lmo
878 616 1109 655 inchoatum
1148 628 1251 667 opus
1280 615 1454 656 absolvit

109 675 280 715 Socrate
315 674 365 714 ad
416 680 589 714 mortem
638 672 926 721 condemnato,
979 684 1058 724 quo
1095 678 1285 724 tempore
1325 673 1455 714 edidit

111 733 335 780 Critonem,
363 732 403 770 in
427 744 504 783 quo
523 732 602 769 hoc
621 732 766 783 agitur,
794 734 840 768 ut
864 743 1017 769 summa
1038 729 1196 769 Socrati
1224 729 1454 771 vindicetur

108 790 276 837 iustitia,
305 790 455 841 quippe
483 789 551 840 qui
578 788 663 826 viro
691 788 864 826 honesto
893 788 1083 826 statuerit
1112 787 1221 826 nulla
1249 787 1455 827 condicio*

107 859 162 887 ne
185 847 312 885 licere
338 846 495 897 legibus
533 845 706 898 publicis
744 844 919 883 debitam
948 857 1138 883 recusare
1167 845 1454 888 obedientiam.

108 903 230 955 Quod
270 903 432 955 quidem
470 915 573 955 opus
610 901 794 954 quoniam
828 902 954 953 magis
982 900 1030 940 ad
1061 906 1247 941 externas
1274 902 1455 944 rationes

109 965 384 1013 comparatum
423 964 488 999 est
521 964 643 1011 atque
681 963 865 1010 tempore
895 959 1130 998 tristissimo
1158 971 1238 999 non
1267 959 1356 999 sine
1381 959 1456 1000 fe-

109 1019 329 1059 stinatione
364 1017 495 1069 aliqua
533 1018 755 1069 scriptum,
803 1016 947 1055 mirum
984 1016 1111 1055 vider-i
1159 1028 1240 1056 non
1282 1018 1455 1068 poterit,

111 1076 220 1128 quod
248 1075 298 1114 ad
329 1075 594 1115 subtilitatem
624 1074 874 1112 dialecticam
903 1086 994 1112 cum
1023 1073 1175 1113 ceteris
1195 1074 1320 1123 libr-is,
1351 1087 1455 1126 quos

107 1132 294 1182 diximus,
322 1133 386 1171 vix
406 1131 715 1183 comparandum
746 1134 823 1172 est.
880 1130 983 1170 Nam
1012 1131 1053 1170 in
1080 1131 1162 1170 illis
1191 1130 1354 1184 quidem
1381 1132 1458 1171 de·

109 1190 276 1231 finiendi
323 1189 704 1241 argumentandique
744 1188 904 1227 inscitia
948 1189 1154 1240 arguitur3
1202 1192 1458 1240 exponuntur

110 1247 312 1286 elementa
338 1245 531 1298 quaedam
562 1246 814 1293 dialecticem
843 1244 963 1284 modo
990 1258 1039 1284 ex
1066 1248 1203 1284 mente
1230 1246 1458 1286 interlocu-

111 1307 247 1344 torum
276 1304 471 1356 quaedam
499 1303 767 1350 disseruntur,
795 1314 874 1353 quo
903 1301 1077 1342 facetius
1103 1302 1286 1342 rideatur
1314 1315 1459 1346 eorum

112 1361 282 1408 inertia3
317 1360 438 1399 modo
476 1372 572 1399 vera
608 1360 740 1411 aliqua
775 1372 799 1397 a
836 1359 1007 1399 Socrate
1042 1360 1373 1412 suppeditantur,
1411 1364 1459 1403 ut

111 1419 178 1457 vel
205 1417 529 1468 colloquentibus
558 1417 689 1469 aliqua
717 1428 814 1468 spes
841 1415 976 1455 felicis
1007 1422 1175 1457 eventus
1206 1417 1459 1469 ostendatur,

111 1475 180 1515 vel
222 1474 487 1527 prudentibus
524 1474 747 1513 lectoribus
785 1485 880 1512 vera
919 1473 1154 1526 philosophi
1191 1487 1306 1514 mens
1334 1476 1460 1528 signi-

111 1533 283 1572 ficetur:
313 1532 386 1571 sed
404 1544 558 1570 summa
583 1531 644 1570 rei
670 1542 751 1570 non
773 1529 985 1582 expeditur
1012 1534 1081 1573 aut
1102 1532 1142 1570 in
1174 1531 1348 1572 clariore
1366 1533 1461 1573 luce

111 1589 350 1630 collocatur.
406 1589 520 1638 Quae
548 1588 679 1628 omnia
708 1599 828 1627 secus
859 1587 1012 1627 habent
1039 1588 1080 1627 in
1100 1588 1281 1639 Critone,
1308 1589 1351 1630 in
1379 1602 1461 1642 quo

113 1646 337 1699 disputatio
382 1646 584 1685 crassiore
629 1645 702 1684 filo
736 1643 963 1686 deducitur.
1028 1644 1167 1684 Nihilo
1202 1647 1332 1686 minus
1362 1658 1462 1688 vero

112 1704 228 1744 illum
257 1715 347 1743 cum
378 1701 584 1749 Lachete,
624 1701 866 1750 Charmide,
911 1700 1112 1751 Menone,
1149 1702 1463 1755 Euthyphrone,

114 1761 339 1812 argumenti
375 1764 496 1811 atque
534 1760 691 1799 consilii
726 1758 985 1798 similitudine
1008 1763 1051 1798 et
1078 1760 1193 1811 quasi
1218 1761 1466 1815 cognatione

116 1818 339 1867 contineri,
367 1818 483 1858 nobis
513 1816 673 1870 quidem
703 1817 822 1870 plane
852 1817 1139 1869 persuasimus.

231 1932 366 1982 Atque
393 1929 495 1969 haec
521 1930 610 1980 ipsa
634 1940 703 1968 res
730 1942 811 1969 non
839 1943 981 1982 parum
1009 1931 1111 1970 lucis
1134 1931 1315 1972 affundet
1335 1945 1466 1985 quae-

123 1989 246 2030 stioni
274 2000 465 2039 perquam
495 1987 691 2025 obscurae
717 1991 840 2038 atque
869 1987 1028 2027 difficili
1057 1988 1109 2027 de
1132 1994 1346 2041 tempore,
1383 2002 1464 2042 quo

122 2046 271 2098 dialogi
298 2046 371 2084 isti
398 2044 540 2095 scripti
568 2043 649 2081 sint
679 2048 722 2083 et
749 2045 790 2083 in
819 2044 1018 2095 publicam
1035 2046 1167 2085 lucem
1191 2047 1304 2089 editi.
1361 2047 1465 2088 Nam

123 2103 240 2143 Crito
270 2114 389 2153 quum
419 2113 498 2139 non
525 2100 651 2138 multo
681 2105 777 2152 post
806 2101 984 2142 Socratis
1018 2104 1255 2155 supplicium
1287 2105 1464 2157 scriptus

122 2160 328 2206 videatur,
368 2162 599 2209 postremus
628 2157 721 2197 fere
750 2158 932 2210 dialogus
962 2159 1092 2198 fuisse
1119 2160 1353 2204 iudicandus
1385 2167 1466 2213 est,

122 2218 165 2258 in
193 2229 272 2267 quo
301 2216 418 2255 Plato
446 2214 525 2253 hoc
553 2220 830 2265 argumentum
856 2216 940 2256 isto
969 2217 1129 2269 quidem
1157 2218 1277 2256 modo
1316 2222 1468 2258 tracta-

123 2275 249 2324 verit,
278 2272 474 2324 siquidem
505 2275 647 2322 postea
676 2274 892 2324 temporis,
924 2286 972 2314 ex
1001 2286 1080 2326 quo
1108 2275 1264 2314 relictis
1292 2276 1468 2317 Athenis

125 2344 219 2374 sese
247 2330 455 2382 Megaram
484 2329 748 2378 contulisset,
777 2331 818 2368 in
847 2331 926 2369 alio
956 2331 1156 2372 scribendi
1185 2344 1338 2383 genere
1367 2346 1470 2373 coe-

125 2389 188 2440 pit
216 2388 424 2427 elaborare
452 2397 583 2436 neque
611 2386 653 2426 in
683 2386 910 2438 explicanda
937 2389 1093 2427 ratione
1132 2388 1340 2429 Socratica
1369 2391 1471 2432 sub-

128 2445 248 2485 stitit.
315 2446 547 2494 Quanquam
587 2442 778 2496 Gorgiam
818 2444 866 2486 ad
903 2445 1010 2484 idem
1049 2445 1143 2484 fere
1172 2451 1357 2497 tempus,
1388 2459 1468 2498 quo

130 2502 244 2541 Crito
273 2503 448 2551 scriptus
476 2499 651 2547 videtur,
680 2501 943 2541 revocandum
973 2514 1067 2541 esse
1095 2503 1136 2542 in
1166 2503 1470 2555 Prolegomenis

131 2558 181 2600 ad
208 2571 299 2601 eum
329 2557 530 2607 dialogum
559 2569 598 2607 p.
627 2557 685 2596 24
712 2571 770 2608 sq.
789 2558 1087 2609 disputavimus,
1143 2560 1272 2610 Quem
1293 2561 1474 2612 proxime

131 2614 310 2655 fortasse
355 2618 632 2654 antecesserat
677 2613 944 2667 Protagoras,
991 2615 1042 2660 de
1081 2629 1160 2668 quo
1190 2617 1343 2656 dictum
1371 2618 1473 2656 item

132 2672 174 2713 in
202 2671 388 2723 Prolegg.
418 2683 457 2721 p.
489 2670 543 2708 15
573 2682 659 2721 sqq,
717 2670 933 2713 Enimvero
962 2674 1115 2724 scripto
1143 2672 1324 2713 Menone
1354 2674 1473 2714 Plato

133 2728 240 2770 idem
277 2731 556 2782 argumentum
593 2729 634 2770 iu
671 2728 932 2782 Euthydemo
962 2734 1007 2770 et
1035 2731 1260 2781 Protagora
1286 2733 1476 2773 tractavit
