1624 2904
271 167 327 209 4⁰
597 153 599 155 ’
723 160 1123 205 υιεΡυΤΑΤιο

279 290 366 318 rum
403 274 598 324 candens,
634 275 670 314 si
707 275 794 327 quis
823 276 1000 315 manibus
1030 278 1246 321 attrectat,
1283 273 1471 325 profecto
1500 274 1593 312 stri-

279 334 349 373 det
373 338 492 384 atque
518 331 678 370 clamat!
734 332 850 381 Quod
877 337 991 370 certe
1018 336 1060 370 te
1089 343 1164 369 non
1195 331 1330 369 debuit
1358 331 1592 380 praeterire.

281 391 432 439 Quibus
466 388 619 435 verbis,
666 400 765 438 quae
802 389 977 439 speciem
1017 387 1206 439 quandam
1250 387 1446 437 proverbii
1482 386 1594 424 rese-

280 450 396 493 runt,
430 447 595 495 tangere
631 443 790 482 videtur
816 444 1037 495 sophistas,
1078 444 1144 494 qui
1172 443 1379 492 aliquoties
1409 443 1592 480 semiam-

279 501 386 540 busti
414 500 620 539 evaserint.
680 499 766 538 Nec
801 501 887 539 sine
926 498 1139 550 petulantia
1176 499 1340 549 quadam
1368 499 1444 536 iam
1475 498 1594 536 etiam

279 557 518 595 contrarium
554 556 639 594 vult
675 556 748 593 sibi
787 556 1071 601 demonstrari,
1115 556 1203 592 fieri
1241 565 1383 604 posse,
1423 558 1467 591 ut
1506 554 1595 602 quis

281 612 416 651 dicens
461 611 606 660 aliquid
650 615 790 650 taceat.
857 612 971 661 Quod
1008 611 1284 661 Euthydemus
1329 610 1595 659 promtissima

279 669 483 708 voluntate
511 667 855 706 demonstrandum
895 667 1069 716 suscipit.
1128 666 1164 704 ls
1195 667 1295 703 enim
1325 670 1463 708 censet
1492 677 1596 712 eum,

283 726 350 776 qui
376 727 526 771 taceat,
556 724 685 762 omnia
712 727 871 761 tacere:
902 735 1021 774 ergo,
1052 723 1197 771 inquit,
1229 734 1383 759 omnem
1412 734 1497 759 rein
1526 721 1595 758 di-

283 784 486 821 centem
523 784 666 825 taces3'
692 779 796 817 unde
835 779 1112 828 consequitur,
1151 778 1405 815 dicentem
1445 782 1596 816 tacere.

281 836 470 887 Acceptis
507 835 570 873 his
610 835 775 886 argutiis
804 834 1016 885 Ctesippus
1056 845 1190 871 novam
1221 834 1296 871 sibi
1324 834 1597 883 opportunita-

282 897 366 932 tem
397 891 566 931 oblatam
613 891 736 929 sentit
763 891 927 929 vexandi
957 889 1168 940 sophistas.
1226 889 1451 939 interrogat
1478 889 1598 940 igitur

283 961 380 998 eos,
416 952 625 986 taceantne
662 947 810 994 omnia,
847 959 895 985 an
932 947 1060 985 omnia
1086 945 1306 994 loquantur.
1364 945 1425 982 Ex
1454 946 1595 994 quibus

283 1005 319 1044 si
353 1004 587 1043 alterutrum
626 1002 868 1050 affirmatur,
905 1002 1130 1041 necessario
1172 1005 1402 1038 eventurum
1432 1005 1517 1047 est,
1550 1004 1595 1039 ut

283 1061 550 1111 sophistarum
588 1060 765 1109 argutiae
793 1062 982 1107 protenus
1010 1059 1050 1096 in
1076 1058 1230 1095 irritum
1261 1057 1412 1094 cadant.
1471 1056 1597 1094 Caute

283 1117 404 1168 igitur
424 1120 467 1154 et
494 1116 782 1164 circumspecte
798 1114 1094 1165 Dionysodorus
1117 1117 1158 1150 et
1185 1118 1365 1155 neutrum
1385 1116 1426 1149 et
1444 1117 1597 1151 utrum-

283 1183 362 1223 que
400 1172 529 1211 locum
567 1170 716 1208 habere
754 1171 819 1210 ait.
889 1170 969 1208 Sed
1011 1169 1223 1218 Ctesippus
1268 1180 1343 1206 non
1374 1169 1600 1218 praesentia

283 1231 437 1267 tantum
466 1227 710 1276 respiciens,
739 1239 872 1264 verum
903 1227 1022 1264 etiam
1052 1225 1300 1275 superiorum
1329 1236 1492 1272 memor,
1522 1225 1600 1263 ista

283 1285 459 1335 ipsorum
498 1282 762 1333 sophistarum
799 1282 972 1320 decretis
1012 1282 1151 1320 mirum
1190 1283 1373 1329 quantum
1401 1280 1599 1320 adversari

286 1340 485 1380 exsultans
513 1338 787 1378 animadvertit
814 1343 856 1379 et
883 1333 924 1378 izi
952 1338 1117 1376 multum
1144 1337 1267 1375 risum
1297 1335 1521 1378 effunditur.
1537 1333 1597 1388 *).

395 1457 502 1496 Toto
542 1458 620 1498 hoc
658 1460 748 1498 loco
787 1470 904 1498 nemo
942 1461 1006 1497 est
1048 1458 1139 1508 qui'n
1169 1456 1289 1495 facile
1317 1458 1598 1498 animadvertat

285 1525 422 1553 omnes
456 1514 553 1553 istas
590 1515 712 1553 tricas
744 1527 790 1553 ex
818 1515 1082 1565 grammaticis
1118 1514 1296 1551 artificiis
1326 1519 1367 1551 et
1396 1516 1597 1555 subtilita-

282 1570 388 1608 tibus
417 1571 609 1620 repetitas
639 1582 740 1609 esse.
798 1570 912 1619 Quod
953 1573 995 1608 et
1023 1570 1151 1620 ipsum
1188 1569 1269 1607 tale
1298 1574 1384 1616 est,
1420 1576 1464 1608 ut
1494 1571 1598 1610 l’ro-

281 1629 444 1677 tegor-ae
480 1626 723 1677 disciplinam
759 1626 946 1666 redoleat.
1017 1625 1132 1664 Hunc
1168 1626 1271 1662 enim
1314 1626 1470 1664 aliunde
1498 1639 1597 1667 con-

283 1685 364 1720 stat
390 1682 430 1720 in
457 1682 767 1733 pervestigandis
797 1683 1058 1733 grammaticis
1093 1681 1375 1719 subtilitatibus
1415 1683 1619 1732 studiose,

283 1742 480 1776 versatum
519 1750 632 1785 esse3
673 1738 723 1776 de
753 1750 830 1787 qua
866 1750 913 1776 re
951 1738 1192 1788 explicarunt
1230 1736 1475 1788 Spengel.
1514 1740 1596 1778 Ar-

284 1794 381 1832 tium
426 1793 637 1845 Scriptorr.
679 1806 717 1844 p.
746 1795 802 1832 4⁰
830 1806 914 1844 sqq.
946 1798 988 1832 et
1016 1793 1229 1832 Classen
1268 1792 1327 1830 De
1357 1793 1595 1835 Grammati-

286 1861 355 1888 cae
393 1848 570 1888 Graecae
598 1850 828 1888 Primordiis
868 1862 906 1900 p.
936 1850 988 1887 31
1020 1861 1078 1898 sq.
1134 1848 1220 1886 Nec
1256 1848 1425 1888 dubitari
1460 1856 1595 1901 potest

285 1906 377 1954 quin
404 1905 492 1956 ipse
519 1907 673 1944 inventa
700 1919 769 1944 sua
798 1905 846 1943 ad
875 1905 1093 1944 disserendi
1121 1904 1380 1943 subtilitatem
1411 1907 1597 1946 traduxe-

283 1962 337 1999 rit
375 1961 412 1999 iu
452 1974 577 2010 eaque
615 1974 661 2000 re
698 1963 962 2012 grammaticis
993 1961 1313 2011 ambiguitatibus
1355 1963 1408 2000 sit
1436 1964 1593 2006 abusus.

282 2017 370 2066 Quo
398 2018 554 2055 nomine
589 2017 755 2056 multum
791 2018 967 2056 diversus
997 2017 1074 2055 fuit
1102 2029 1124 2054 a
1152 2016 1346 2065 Prodico,
1387 2019 1453 2067 qui
1489 2020 1594 2058 aliud

281 2085 375 2112 sane
413 2074 614 2112 consilium
650 2074 688 2111 in
721 2073 967 2122 exquirendis
1002 2072 1278 2110 vocabulorum
1307 2073 1594 2115 discriminibus

283 2134 471 2178 sequutus
514 2135 589 2168 est.
619 2141 652 2170 v.
679 2129 932 2168 Welcker.
964 2129 1004 2167 in
1041 2127 1186 2167 Museo
1216 2129 1343 2169 Rhen.
1373 2130 1470 2167 Nov.
1501 2131 1593 2173 Vol,

284 2184 312 2222 1.
342 2185 386 2222 Ρ.
418 2185 447 2225 1.
489 2197 525 2235 p.
557 2186 630 2223 4(ss
667 2197 751 2234 sqq.
816 2186 1041 2234 Quanquam
1079 2186 1199 2234 igitur
1237 2185 1512 2235 Euthydemus
1551 2192 1595 2226 et

279 2239 573 2291 Dionysodorus
603 2241 694 2279 talia
722 2241 878 2279 discere
916 2241 1033 2279 etiam
1071 2241 1118 2278 ab
1155 2241 1241 2278 aliis
1269 2245 1497 2290 potue-runt,
1527 2247 1588 2282 ta-

235 2342 236 2345 *
281 2308 370 2334 men
407 2297 496 2345 quia
533 2298 806 2347 grammaticas
851 2297 1059 2335 verborum
1090 2297 1262 2334 rationes
1290 2297 1338 2334 ad
1367 2297 1590 2338 disserendi

281 2351 475 2390 fallaciam
506 2357 622 2401 atque
661 2353 839 2390 fraudem
868 2353 1134 2400 transferunt,
1175 2364 1357 2401 perquam
1398 2355 1589 2393 credibile

281 2413 344 2446 est
380 2420 450 2445 eos
488 2409 526 2446 in
563 2409 654 2446 ludo
684 2408 925 2458 Protagorae
960 2407 1008 2446 ad
1036 2409 1107 2446 has
1137 2413 1243 2446 artes
1273 2408 1464 2446 formatos
1495 2423 1588 2450 esse

282 2468 323 2501 et
353 2464 569 2522 institutos.
626 2465 684 2505 Ac
714 2468 822 2503 tauto
853 2465 1102 2504 verisimilior
1120 2464 1220 2503 haec
1249 2465 1478 2504 coniectura
1507 2471 1587 2513 est,

274 2595 529 2602 ——-.·—--...—-—.

317 2683 351 2724 ²⁶)
375 2686 486 2722 Usque
513 2683 551 2713 fld
578 2692 609 2721 p.
633 2684 710 2715 300.
