1624 2904
270 159 326 200 18
726 124 1135 196 ruoLmquuNA

277 283 318 322 p.
348 267 444 310 52⁰.
472 266 519 306 A.
548 266 600 306 de
626 266 818 319 sophistis
845 266 1004 309 iudicat.
1060 265 1231 307 Miratur
1254 268 1374 320 igitur
1401 266 1587 309 Socrates

277 324 386 366 istud
414 323 535 374 Anyti
562 323 767 370 iudicium,
797 324 901 374 quod
930 325 1005 362 sibi
1034 324 1193 374 placere
1221 329 1338 376 negat
1362 329 1591 375 propterea,

277 380 382 432 quod
416 391 493 418 nou
530 380 645 430 pauci
681 381 908 431 sophistae,
945 379 1216 430 imprimisque
1260 381 1497 431 Protagoras
1541 382 1588 419 ab

278 436 595 476 adolescentibus
632 440 674 474 et
710 436 888 474 studiose
923 435 1043 474 auditi
1081 440 1122 474 et
1151 438 1300 487 magnis
1330 438 1591 475 institutionis

280 491 468 545 praemiis
503 491 637 531 affecti
669 493 763 530 siut.
829 492 965 542 ltaque
1002 493 1227 543 suspicatur
1255 493 1489 543 singularem
1520 492 1591 530 ali-

279 561 394 600 quam
434 559 588 587 causam
624 559 716 587 esse
753 554 963 599 oportere,
1001 560 1071 586 cur
1099 549 1251 599 Anytus
1280 549 1472 599 sophistis
1502 560 1593 586 suc-

284 606 447 643 censeat
463 604 576 651 adeo,
605 607 648 643 ut
677 616 746 642 eos
767 605 891 642 omnis
909 604 1172 654 corruptionis
1197 617 1290 643 reos
1319 608 1420 655 agat.
1478 602 1593 652 Quod

280 660 452 700 moleste
488 660 625 699 ferens
663 659 782 698 homo
822 660 1016 710 superbus
1054 670 1098 697 ac
1145 660 1429 711 superciliosus
1466 659 1594 698 denuo

283 728 439 754 omnem
469 727 606 754 eorum
635 716 830 754 nationem
863 720 1044 765 tanquam
1074 714 1241 754 civitatis
1280 720 1436 766 pestem
1467 726 1596 765 prope

279 771 376 810 diris
403 771 582 811 devovet,
638 771 788 810 Censet
816 775 946 809 autem
976 771 1127 821 Anytus
1156 772 1355 810 adeundos
1383 783 1475 809 esse
1491 773 1595 809 viros

281 827 441 876 civiles,
480 839 503 865 a
542 827 683 878 quibus
718 827 875 875 virtutis
906 830 948 865 et
977 828 1197 877 exemplum
1228 832 1269 866 et
1297 826 1503 877 disciplina
1530 839 1596 865 re·

282 887 454 935 petatur.
523 884 646 933 Quam
685 882 919 921 sententiam
955 881 1140 922 Socrates
1177 882 1233 921 ita
1279 884 1504 934 impugnat,
1553 884 1599 920 ut:

281 939 589 978 clarissimorum
626 939 798 977 virorum
830 939 1118 977 institutionem
1160 943 1202 977 et
1249 951 1380 976 curam
1419 939 1598 989 ipsorum

283 995 384 1034 adeo
422 995 516 1033 filiis
555 995 603 1032 ad
642 994 827 1032 virtutem
870 994 964 1032 nihil
1003 994 1206 1044 profuisse
1249 994 1445 1032 ostendat,
1508 993 1598 1032 Hoc

282 1062 378 1089 vero
416 1050 591 1089 Socratis
626 1047 811 1088 iudicium
847 1051 1026 1105 Anytuss
1037 1051 1256 1101 aegerrime
1289 1049 1386 1090 fert.
1443 1050 1601 1100 Quippe

282 1106 405 1146 homo
443 1107 661 1157 superbus,
696 1107 762 1155 qui
799 1118 844 1144 se
879 1114 1034 1154 quoque
1073 1111 1241 1156 propter
1276 1106 1417 1144 merita
1445 1105 1602 1143 scilicet

284 1162 336 1200 de
364 1162 524 1200 civitate
553 1162 590 1200 in
627 1161 821 1199 clarorum
861 1163 1031 1198 virorum
1060 1172 1223 1200 numero
1252 1160 1391 1200 haberi
1425 1159 1598 1208 volebat,

285 1218 334 1256 ab
372 1218 443 1255 illo
481 1216 561 1256 suis
593 1213 770 1255 laudibus
809 1215 955 1266 aliquid
1005 1215 1224 1256 detractum
1272 1227 1363 1255 esse
1406 1215 1602 1267 opinatur.

285 1273 424 1322 ltaque
451 1273 637 1311 iracunde
679 1274 859 1311 acerbam
896 1273 1154 1311 comminatur
1191 1273 1380 1311 ultionem
1406 1273 1469 1311 his
1504 1283 1599 1311 usus

286 1329 444 1367 verbis:
502 1328 536 1367 Ο
576 1328 764 1375 Socrate,
806 1333 960 1366 temere
989 1340 1084 1366 sarie
1112 1329 1277 1367 aliorum
1305 1327 1434 1366 famae
1464 1329 1601 1367 obtre-

289 1389 400 1423 ctare
437 1382 558 1424 soles.
626 1383 776 1433 Quodsi
813 1385 935 1435 igitur
972 1396 1035 1422 me
1080 1384 1211 1431 audis,
1259 1385 1414 1423 cavebis
1451 1384 1524 1422 tibi
1559 1384 1601 1423 in

288 1445 496 1491 posterum
515 1470 517 1472 -
534 1452 579 1477 ac
615 1443 707 1478 tuae
739 1441 864 1490 ipsius
892 1439 1011 1478 saluti
1039 1439 1276 1491 providebis.
1341 1439 1456 1479 Nosti
1484 1440 1601 1487 enim,

290 1509 403 1545 quam
446 1497 500 1534 sit
532 1495 653 1534 facile
693 1508 780 1534 cum
819 1496 911 1534 alibi
949 1499 1032 1533 tum
1077 1497 1117 1534 in
1162 1495 1235 1534 hac
1271 1500 1407 1534 nostra
1444 1496 1602 1534 civitate

287 1553 388 1589 alios
416 1550 586 1588 'laedere
622 1562 667 1588 ac
705 1549 857 1601 punire.
924 1549 983 1589 Ad
1014 1563 1112 1600 quae
1140 1551 1352 1589 Socrates:
1410 1550 1513 1597 Iste,
1541 1552 1601 1589 in-

287 1609 398 1656 quit,
427 1607 523 1645 mihi
549 1607 754 1644 irascitur:
785 1620 856 1644 nec
885 1608 1046 1644 mirum:
1076 1620 1162 1645 nam
1193 1608 1356 1656 primum
1395 1619 1458 1644 me
1488 1610 1603 1657 putat

286 1664 380 1701 viris
417 1662 468 1700 de
503 1662 707 1712 republica
746 1663 846 1700 bene
890 1663 1039 1700 meritis
1081 1663 1337 1708 maledicere3
1377 1662 1517 1700 deinde
1555 1674 1603 1700 se

287 1730 444 1768 quoque
477 1731 500 1755 a
536 1730 600 1756 me
638 1719 739 1755 male
768 1718 903 1755 haberi
935 1719 1127 1769 opinatur.
1184 1718 1261 1756 Sed
1302 1719 1367 1755 nbi
1394 1718 1599 1767 aliquando

287 1774 551 1821 intellexerit,
589 1774 681 1822 quid
720 1775 772 1811 sit
809 1772 1067 1822 maledicere,
1106 1778 1218 1812 certe
1262 1775 1379 1812 irasci
1422 1774 1598 1813 desinet:

288 1828 394 1880 quod
423 1839 524 1867 nunc
553 1829 722 1867 nondum
750 1828 947 1867 intellexit
963 1827 1017 1879 *).
1355 1855 1361 1864 ,

401 1885 602 1924 Converso
629 1886 705 1923 iam
735 1896 871 1923 rursus
900 1884 946 1922 ad
976 1884 1188 1924 Menonem
1210 1896 1392 1924 sermone
1412 1882 1598 1925 Socrates

286 1945 424 1992 rogat,
463 1951 553 1979 num
588 1940 654 1990 qui
692 1940 731 1979 in
759 1940 965 1979 Thessalia
995 1942 1089 1979 clari
1118 1942 1157 1980 in
1186 1942 1342 1980 civitate
1368 1941 1599 1990 habeantur,

285 1996 314 2034 ii
343 2009 479 2035 omnes
507 2008 584 2033 uno
614 2008 685 2034 ore
714 1996 764 2034 de
794 2009 841 2034 eo
869 1998 1135 2044 consentiant,
1163 1998 1345 2036 virtutem
1376 2010 1494 2047 posse
1524 1997 1600 2035 do-

285 2053 383 2091 c‘eri.
438 2051 673 2101 Respondet
701 2052 769 2090 ille
797 2053 998 2091 maximam
1029 2054 1083 2091 ibi
1112 2064 1279 2104 regnare
1308 2053 1357 2090 de
1376 2065 1420 2090 ea
1442 2065 1487 2091 re
1511 2052 1598 2104 opi-

286 2108 445 2147 nionum
474 2106 771 2147 dissensionem.
827 2104 942 2146 Unde
968 2109 1157 2153 ,Socrates
1178 2110 1361 2147 continuo
1399 2109 1598 2148 concludit
1616 2149 1621 2159 ¹,

287 2175 364 2202 non
394 2176 485 2202 esse
512 2162 594 2202 illic
623 2163 786 2202 idoneos
813 2165 970 2202 virtutis
1000 2165 1229 2215 magistros,
1258 2164 1448 2213 siquidem
1478 2165 1596 2203 aliter

284 2231 363 2256 non
392 2224 501 2257 tanta
528 2219 631 2256 inter
657 2219 767 2268 ipsos
795 2219 922 2258 locum
954 2221 1135 2258 habitura
1171 2226 1280 2259 esset
1316 2221 1595 2259 sententiarum

284 2274 562 2326 discrepantia.
619 2274 726 2313 ldem
755 2275 1002 2314 statuendum
1032 2289 1122 2315 esse
1149 2277 1361 2314 arbitratur
1389 2277 1438 2314 de
1457 2277 1595 2327 sophi-

284 2330 358 2368 stis
388 2335 431 2369 et
460 2330 604 2381 poetis,
632 2331 697 2379 qui
726 2335 768 2369 et
795 2331 871 2381 ipsi
899 2331 948 2369 de
965 2333 1120 2370 virtutis
1153 2331 1357 2383 disciplina
1382 2333 1593 2371 vehemen-

285 2389 352 2424 ter
397 2387 605 2438 ambigant.
662 2386 722 2424 ΕΚ
759 2387 898 2436 quibus
935 2389 1114 2427 omnibus
1150 2387 1304 2438 colligit
1356 2400 1434 2429 non
1469 2399 1593 2441 posse

283 2442 469 2481 virtutem
497 2441 748 2499 doctrinaxet
778 2443 1031 2484 institutione
1060 2442 1276 2495 comparari
1299 2440 1377 2498 **).

368 2625 403 2664 ¹)
428 2628 462 2659 Ρ.
487 2630 540 2657 ao.
568 2629 604 2658 c.
629 2643 670 2650 -
700 2630 753 2659 94.
779 2628 820 2661 Ε.

343 2670 394 2711 ⁸⁴)
420 2674 457 2705 ι’.
482 2676 536 2705 94.
561 2673 602 2705 ις.
628 2688 669 2695 -
694 2676 748 2707 oa.
775 2676 816 2706 n.
