1624 2904
295 873 1097 935 PRAEFATIO.

141 1122 202 1162 De
231 1122 455 1176 Hipparchi
481 1122 673 1161 Platonici
691 1125 926 1173 argumento
947 1120 1130 1172 quoniam
1159 1131 1238 1159 non
1266 1131 1367 1171 pau-

31 1180 92 1220 cis
125 1179 227 1218 locis
258 1181 296 1219 in
327 1181 584 1219 annotatione
614 1179 761 1217 dictum
792 1182 870 1226 est,
899 1190 976 1217 non
1009 1190 1111 1229 opus
1140 1176 1233 1215 fore
1261 1177 1368 1216 arbi-

32 1242 186 1278 tamur
214 1241 258 1275 ut
297 1238 363 1276 hic
394 1237 640 1287 explicemus
670 1236 887 1286 copiosius.
944 1234 1087 1286 Neque
1116 1234 1235 1273 etium
1265 1245 1368 1285 quae

33 1294 84 1334 ad
108 1291 337 1332 'elevandam
371 1294 462 1332 libri
496 1292 616 1331 fidem
649 1296 692 1331 et
718 1292 999 1331 auctoritatem
1031 1291 1258 1343 pertinent,
1290 1289 1370 1329 hoc

35 1351 128 1391 loco
158 1350 344 1402 persequi
374 1350 534 1388 uberius
563 1349 718 1401 placet.·
766 1348 865 1387 Nam
897 1347 960 1386 vel
987 1360 1056 1395 ea,
1085 1348 1251 1399 opinor,
1282 1346 1372 1386 suf-

38 1408 201 1454 ficient,
241 1418 340 1458 quae
377 1407 426 1444 de
466 1406 541 1445 hac
580 1418 626 1444 re
661 1405 710 1444 ad
754 1404 936 1457 graecam
968 1405 1188 1443 orationem
1219 1403 1373 1455 passim

42 1465 299 1503 commentati
331 1476 478 1502 sumus.
536 1463 712 1513 Quibus,
743 1463 777 1500 si
806 1463 894 1513 quis
924 1461 1045 1500 etiam
1075 1462 1191 1512 plura
1218 1461 1370 1513 cupiat,

42 1521 164 1560 facile
202 1519 316 1559 adlici
354 1524 544 1571 poterunt
582 1532 682 1570 quae
719 1519 794 1557 vel'
820 1515 998 1557 breviter
1035 1521 1275 1557 monuerunt
1310 1516 1376 1556 vel

44 1577 296 1628 disputarunt
324 1578 526 1628 copiosius
556 1575 859 1616 Valckenar.
895 1572 957 1613 De
994 1574 1153 1626 Fragm.
1185 1575 1373 1614 Callima-

47 1633 114 1673 chi
137 1646 178 1684 p.
205 1633 272 1674 2⁶2.
313 1633 361 1671 ad
390 1633 587 1673 Herodot.
630 1645 668 1682 p.
697 1632 792 1670 398.
823 1631 885 1672 ed.
921 1631 1097 1672 Wessel.
1135 1630 1301 1671 Diatrib.
1332 1632 1374 1670 in

46 1686 183 1740 Eurip.
215 1689 373 1741 Fragm.
404 1702 443 1740 p.
475 1690 570 1730 291.
600 1687 825 1728 wolfius
856 1688 1044 1739 Prolegg.
1074 1687 1122 1726 ad
1153 1687 1375 1727 Homerum

29 1759 90 1799 .p.
119 1746 240 1786 cmv
272 1759 330 1797 sq.
361 1743 659 1784 Boeckhiur-
695 1746 736 1783 in
767 1744 866 1784 Min.
904 1748 948 1783 et
975 1743 1100 1795 Legg.
1131 1757 1169 1796 p.
1203 1745 1259 1783 34
1285 1756 1375 1796 sqq.

51 1803 225 1844 Astius
261 1802 320 1841 De
361 1803 451 1841 Vita
495 1807 538 1842 et
567 1802 738 1854 Scriptis
774 1801 877 1843 Plat.
908 1814 947 1852 p.
977 1801 1060 1840 4945
1090 1814 1149 1853 sq.
1180 1801 1375 1840 Soche-

53 1871 140 1900 rus
177 1860 236 1898 De
264 1859 436 1910 Scriptis
465 1858 568 1900 Plat.
598 1871 635 1910 p.
667 1859 746 1896 122
777 1871 825 1909 sq
896 1858 951 1896 Hi
994 1859 1098 1897 enim
1143 1870 1281 1897 omnes
1323 1857 1377 1897 de

55 1928 104 1956 eo
122 1929 216 1955 cons
199 1917 387 1962 mentium
422 1928 506 1953 eum
529 1928 620 1953 esse
650 1915 738 1953 iibri
768 1915 936 1953 formam
958 1927 1125 1966 eamque
1152 1914 1378 1954 disserendi

0 2006 2 2022 ν
53 1975 247 2013 rationem
302 1971 340 2010 iu
386 1971 457 2010 illo
503 1976 759 2022 regnantem
806 1975 851 2009 ut
895 1971 1123 2009 Platonicae
1170 1972 1268 2010 artis
1317 1973 1379 2011 vix

0 2036 3 2070 k
53 2029 177 2069 ullum
206 2029 412 2079 *estigium
443 2034 651 2074 cernatur,
680 2027 874 2077 siquidem
903 2039 977 2066 uec
1007 2030 1212 2067 universae
1242 2028 1382 2080 dispu-

0 2083 4 2135 ᾗ
57 2086 219 2129 tationis
250 2085 497 2136 propositum
527 2085 685 2135 dignum
716 2081 884 2123 Platone
914 2085 990 2133 sit,
1026 2097 1100 2123 nec
1130 2086 1232 2124 ratio
1260 2090 1382 2136 utque

0 2137 6 2189 'Q
58 2144 142 2191 via,
173 2152 248 2193 qua
277 2142 498 2180 sententiae
528 2142 801 2189 illustrentur
839 2141 985 2180 habeat
1014 2142 1247 2194 philosophi
1286 2143 1382 2181 sub-

3 2194 7 2236 ἒ
59 2200 243 2239 tilitatem
284 2203 326 2253 et
367 2198 616 2249 elegantiam.
673 2196 839 2236 Etiamsi
868 2209 963 2238 velo
989 2198 1149 2238 dubium
1189 2199 1385 2246 videatur,

6 2258 9 2290 ἶ
47 2255 167 2308 .quod
206 2255 500 2294 Boeckbius
537 2256 576 2294 in
616 2254 793 2294 Minoem
827 2259 870 2293 et
906 2255 1028 2307 Legg.
1066 2269 1103 2307 p.
1146 2256 1202 2295 43
1243 2269 1329 2308 sqq.
1361 2268 1386 2295 e

7 2309 10 2354 ἶ
64 2311 293 2363 Diogene
324 2311 495 2353 Lafirt.
527 2311 574 2352 ll.
606 2312 685 2349 122
715 2325 801 2362 sqq.
830 2311 1106 2351 demonstrare
1127 2312 1291 2359 studuit,
1321 2326 1386 2351 re-

9 2367 15 2416 i
56 2368 273 2409 ‚feremlum
324 2381 416 2407 esse
465 2368 569 2406 huuc
610 2368 808 2419 dialogum
846 2382 921 2407 una
962 2382 1049 2408 cum
1091 2369 1228 2408 Minoe
1267 2375 1310 2409 et
1339 2370 1388 2408 li-

68 2424 150 2465 Bris
178 2426 226 2464 de
255 2425 361 2463 lusto
391 2437 436 2463 ac
466 2425 517 2463 de
545 2423 706 2465 Virtute.
736 2424 783 2463 ad
813 2424 1012 2464 Simonem
1043 2426 1292 2465 Socraticum
1319 2439 1389 2464 au-

13 2483 18 2522 ³.
73 2487 221 2520 ctorem
260 2481 431 2533 ideoque
470 2494 518 2520 ex
554 2483 701 2520 sutrina
734 2482 930 2532 prodiisse
959 2483 1142 2530 offleina;
1181 2488 1310 2522 tamen
1342 2482 1389 2521 il-

15 2557 17 2562 2
74 2537 140 2576 lud
177 2538 329 2590 quidem
367 2538 488 2577 facile
528 2539 599 2577 tibi
642 2540 914 2589 persuaseris,
958 2553 1048 2578 eum
1088 2541 1238 2579 homiui
1274 2539 1393 2578 alicui

75 2593 276 2647 βτιιάυσῳ
317 2609 444 2646 neque
486 2594 693 2646 eleganter
737 2596 892 2634 erudito
929 2601 971 2635 et
1000 2597 1182 2635 instituto
1212 2597 1394 2635 tribuen-

18 2652 22 2686 ’τ’
77 2651 168 2689 dum
195 2664 296 2690 esse.
353 2653 580 2703 Quanquam
621 2653 722 2690 euim
764 2652 947 2703 loquendi
987 2653 1117 2692 forma
1147 2653 1244 2691 nihil
1273 2653 1397 2690 habet

80 2708 180 2758 quod
218 2721 239 2745 a
272 2709 495 2746 Platonicae
534 2710 676 2746 aetatis
708 2721 779 2747 usu
809 2710 1003 2748 recedere
1030 2709 1234 2757 videatur,
1266 2713 1398 2749 tamen

21 2763 24 2795 ἓ
80 2766 357 2805 sententiarum
394 2766 575 2805 iunctura
611 2765 710 2805 adeo
749 2767 887 2806 scabra
916 2771 979 2806 est
1008 2771 1049 2804 et
1079 2765 1230 2816 hiulca,
1260 2778 1400 2806 exem-

969 2842 1078 2883 22*
