1624 2904
279 185 338 226 58
731 183 1139 229 DlSPUTATIO

277 299 424 339 minum
463 296 670 336 doctorum
707 297 848 335 iudicia
886 296 1221 337 circumferuntur
1251 298 1410 339 minime
1439 300 1589 351 proba-

278 355 384 394 bilia.
450 350 667 391 Perhibent
705 355 806 391 euim
848 365 935 391 eum
966 354 1217 420 praeclarum
1238 354 1363 394 fuisse
1391 356 1589 396 fidicinem

280 414 322 448 et
360 409 735 448 excellentissimum
775 410 871 447 artis
909 422 993 446 mus
983 409 1079 447 icae
1116 412 1357 461 magistrum.
1422 412 1482 450 De
1512 424 1589 463 quo

278 478 368 504 mea
397 465 552 517 quidem
582 466 779 503 sententia
808 477 883 502 non
913 477 1024 502 unam
1056 465 1105 502 ob
1135 479 1289 505 causam
1319 467 1486 506 dubitari
1516 481 1589 519 po-

278 525 373 563 test.
438 521 536 560 Nam
574 521 741 572 primum
778 520 932 570 quidem
971 521 1010 558 in
1049 520 1271 560 Menexeno
1315 536 1354 573 p.
1398 523 1492 561 235.
1540 524 1589 566 Ε.

278 580 460 629 apertum
500 580 564 615 est
601 577 649 614 ab
686 578 774 628 ipso
814 577 979 615 Socrate
1014 576 1069 613 ita
1107 578 1191 615 eius
1220 580 1457 616 mentionem
1486 579 1589 628 fieri,

278 638 325 672 ut
363 645 437 684 per
469 633 659 671 urbanum
701 634 829 670 iocum
862 637 903 669 et
931 632 1151 670 irrisionem
1181 634 1264 671 eius
1295 635 1491 672 institutio
1521 647 1591 674 an-

276 692 489 740 teponatur
524 688 684 739 Lampri
722 687 861 726 musici
899 687 1145 726 celeberrimi
1173 690 1411 740 disciplinae.
1472 690 1592 729 Cuius

277 745 359 784 loci
391 746 520 792 ratio,
555 755 681 794 nuper
719 744 874 782 demum
910 756 932 781 a
969 744 1082 781 nobis
1126 745 1353 794 patefacta,
1400 745 1476 784 «lici
1514 758 1593 786 non

275 804 416 855 potest
461 803 707 851 quantopere
752 800 932 837 homines
973 799 1151 838 eruditos
1186 801 1276 841 inde
1325 814 1347 840 a
1394 801 1590 840 cicerone

275 857 327 897 ad
362 855 827 895 Winckelmannum
865 867 989 905 usqne
1023 855 1234 895 fefellerit.
1301 857 1449 898 Omnes
1488 858 1590 896 enim

278 911 456 952 Socratis
491 912 618 950 ironia
649 922 727 951 uon
762 916 953 962 percepta
992 910 1140 949 homini
1177 916 1328 951 tantum
1365 912 1591 952 habuerunt

277 968 495 1015 honorem,
534 971 581 1007 ut
621 978 710 1007 eum
746 967 785 1006 in
822 971 909 1005 arte
948 979 1018 1005 sua
1056 967 1173 1018 longe
1212 969 1592 1018 praestantissimum

279 1025 410 1065 fuisse
447 1023 668 1062 iudicarint.
705 1034 741 1063 v·
791 1022 1022 1062 Ciceron.
1050 1022 1222 1073 Epistol.
1255 1023 1392 1064 Famil.
1424 1023 1491 1065 [X.
1517 1024 1591 1066 21.

279 1079 483 1122 Maxim.
522 1079 637 1130 Tyr.
672 1091 714 1130 p.
750 1077 845 1119 225.
875 1078 922 1119 Τ.
951 1078 1007 1118 ΙΙ.·
1029 1079 1089 1117 ed.
1119 1078 1255 1119 Reisk.
1287 1079 1461 1119 Valer.
1491 1079 1590 1117 Ma-

279 1136 388 1177 xim.
423 1134 527 1176 Vlll.
562 1136 603 1175 7.
643 1133 830 1174 suidas
869 1146 899 1173 s.
944 1146 979 1175 v.
1008 1131 1179 1174 Κόννου
1207 1134 1365 1189 ψῆφος
1392 1135 1440 1173 Τ.
1471 1135 1519 1174 ΙΙ.
1550 1148 1591 1186 p.

280 1192 365 1233 846
405 1191 636 1241 Interprett.
663 1189 711 1230 ad
739 1189 945 1240 Aristoph.
973 1189 1124 1240 Equitt.
1154 1203 1188 1228 v.
1217 1191 1311 1231 534.
1342 1191 1389 1229 ed
1421 1191 1591 1230 Brunck.

282 1261 315 1288 s.
355 1246 642 1287 commentam
682 1245 814 1297 Lipss.
852 1245 943 1286 Vol.
985 1245 1053 1286 1V.
1091 1259 1130 1296 1).
1173 1245 1251 1284 150
1291 1259 1349 1298 sq.
1380 1248 1445 1285 ubi
1473 1248 1592 1288 etiam

280 1303 622 1354 grammaticorum
662 1307 704 1340 et
741 1301 1041 1340 scholiastarum
1077 1302 1282 1352 opiniones
1320 1308 1593 1343 recensentur.

280 1358 680 1400 Winckelmann.
729 1357 863 1397 Praef.
907 1370 946 1408 Ρ.
990 1356 1062 1396 XL
1111 1370 1169 1408 sq.
1236 1357 1593 1397 Sohleiernia-

282 1414 421 1454 cher.
462 1414 567 1464 opp.
609 1414 708 1451 Plat.
747 1413 796 1453 Τ.
837 1413 885 1452 11.
927 1413 1013 1453 Vol.
1049 1413 1116 1454 ΙΙΙ.
1155 1426 1193 1463 p.
1232 1413 1327 1455 532.
1393 1415 1447 1452 At
1489 1414 1592 1452 enim

281 1479 378 1508 vero
406 1469 581 1507 Platonis
610 1469 845 1506 auctoritate
875 1481 991 1519 quum
1020 1469 1078 1506 illi
1112 1469 1222 1506 abusi
1251 1470 1351 1516 sint,
1387 1482 1500 1519 quam
1529 1470 1594 1508 ni-

281 1526 341 1565 hil
378 1537 513 1563 eorum
558 1525 777 1562 sentcntiae
814 1525 867 1563 sit
893 1524 1163 1571 tribuendum,
1200 1524 1318 1562 facile
1346 1525 1592 1575 intelligitur.

283 1582 341 1622 Et
375 1593 441 1620 res
470 1582 558 1631 ipsa
586 1579 747 1627 suadet,
785 1583 832 1618 ut
866 1579 916 1617 de
943 1580 1092 1617 musico
1123 1581 1200 1617 isto
1229 1592 1304 1618 non
1334 1584 1414 1618 tam
1442 1581 1594 1630 magni-

282 1637 362 1676 fice
391 1637 616 1675 sentiamus.
672 1635 811 1686 Neque
840 1636 940 1673 enim
970 1636 1183 1674 verisimile
1213 1640 1276 1673 est
1306 1648 1415 1683 eum,
1445 1637 1479 1674 si
1506 1643 1594 1674 tan-

285 1697 353 1733 tus
387 1692 534 1730 fuisset
571 1691 736 1739 artifex,
775 1695 845 1729 aut·
867 1692 906 1729 in
945 1695 1052 1730 tanta
1089 1695 1324 1742 paupertate
1354 1692 1480 1730 fuisse
1505 1704 1595 1730 ver-

284 1753 462 1788 saturum
499 1751 566 1786 aut
601 1747 687 1786 aliis
723 1748 967 1797 maximeque
1002 1748 1135 1798 poetis
1184 1748 1344 1785 comicis
1386 1747 1485 1786 adeo
1524 1747 1595 1785 de-

281 1805 419 1847 buisse
447 1803 667 1842 ludibrium.
724 1803 934 1841 Enimvero
962 1803 1066 1854 apud
1093 1803 1399 1853 Aristophanem
1430 1807 1471 1841 et
1498 1803 1595 1842 Cra-

282 1862 407 1899 tinum
437 1861 503 1910 qui
531 1862 772 1898 memoratur
798 1858 995 1907 Κοννᾶς,
1036 1859 1070 1896 is
1099 1858 1257 1897 dubium
1299 1871 1376 1897 non
1411 1863 1475 1897 est
1503 1859 1596 1910 quin

285 1917 339 1955 sit
378 1916 449 1955 ille
487 1916 578 1966 ipse
615 1915 802 1962 Gonnus,
842 1915 951 1954 ouius
980 1914 1082 1965 apud
1120 1915 1326 1953 Platonem
1356 1916 1503 1953 mentio
1532 1915 1593 1954 fit.

283 1972 328 2011 ld
364 1973 587 2010 rectissime
623 1971 720 2010 vidit
755 1970 1190 2010 WVinckelmannus
1227 1970 1403 2012 Praefat.
1441 1984 1479 2021 p.
1508 1969 1592 2008 XL.

283 2027 440 2068 laudata
474 2028 703 2066 Bentleii
741 2027 791 2065 de
827 2027 1044 2065 nominibus
1079 2022 1429 2080 ύποκοοιστικοῖς
1457 2026 1596 2075 dispu-

284 2085 438 2123 tatione
464 2085 503 2121 in
532 2083 663 2134 Epist.
690 2082 738 2120 ad
767 2082 822 2123 lo.
851 2082 1018 2120 Minium
1049 2081 1238 2132 Opuscul.
1266 2082 1403 2132 philol.
1440 2095 1479 2132 p.
1510 2080 1594 2119 521

287 2152 347 2190 sq
386 2139 449 2179 ed.
483 2139 612 2190 Lips.;
648 2142 828 2177 senserat
863 2139 959 2176 item
996 2138 1284 2176 Brunckius
1319 2137 1366 2175 ad
1403 2137 1529 2187 Vesp.
1558 2147 1594 2178 v.

284 2194 383 2234 5:34.
411 2196 451 2233 in
481 2207 528 2232 eo
557 2199 688 2233 tamen
718 2194 862 2240 falsus
897 2193 999 2244 quod
1028 2188 1206 2240 Κάννας
1239 2193 1485 2232 scribendum
1520 2204 1594 2242 pu·-

286 2252 395 2290 tavit.
453 2249 530 2288 lam
560 2262 654 2288 vero
683 2250 794 2297 audi,
824 2250 915 2300 quid
945 2250 1019 2296 sit,
1048 2249 1152 2299 qnod
1190 2249 1330 2287 comici
1358 2249 1409 2286 de
1435 2249 1595 2286 homine

285 2309 458 2347 narrant.
513 2306 900 2357 Aristophanes
941 2305 1093 2356 Equitt.
1121 2317 1157 2345 v.
1185 2304 1281 2344 534.
1314 2326 1357 2331 -
1389 2299 1498 2344 ἀλλα
1525 2304 1595 2355 γέ·-

286 2374 375 2425 ρων
405 2355 463 2400 ὢν
492 2361 705 2430 περιέὸρει
730 2358 879 2414 Ώςπεο
910 2360 1105 2408 Κοννᾶς,
1135 2361 1353 2425 ‹fr-&gwnil
1380 2360 1459 2412 μὲν
1488 2361 1593 2411 ἔχων

288 2411 425 2465 αὖον,
462 2415 572 2474 δίψη
611 2414 655 2456 ὃ
696 2403 946 2464 ἀπο2ωλώς
970 2412 1045 2455 Ον
1070 2430 1151 2469 χρη
1180 2411 1250 2454 διὰ
1279 2429 1356 2461 τας
1384 2416 1597 2469 ποοτὲοας

287 2474 412 2520 νίκας
450 2473 589 2512 πίνειν
622 2474 668 2512 ἐν
705 2471 767 2523 τῷ
804 2472 1056 2534 πρυτανείῳ.
1092 2472 1217 2522 Vesp.
1257 2483 1292 2508 V.
1319 2470 1413 2509 675.
1445 2470 1490 2510 σὲ
1517 2469 1597 2521 μὲν

287 2525 525 2593 ἡγοῦνται
531 2522 701 2568 Κόννου
738 2536 918 2583 ψηᾳον
957 2539 1150 2568 τοντοισι
1191 2526 1237 2571 δὲ
1275 2525 1597 2581 δωροδοκοῦσιν

287 2583 444 2637 ὕρχας,
481 2579 602 2622 οἶνον
641 2597 678 2623 κ.
715 2597 752 2622 τ.
792 2583 827 2622 λ.
887 2583 1079 2622 Suidas
1114 2594 1150 2621 v.
1187 2580 1363 2628 Κοννᾶς
1399 2581 1448 2619 Τ
1478 2580 1526 2620 11.
1555 2593 1595 2636 Ρ

290 2638 387 2679 345.
416 2642 458 2677 et
496 2637 662 2680 Schol.
691 2637 740 2677 ad
768 2640 919 2690 Equitt.
949 2651 983 2680 v.
1020 2638 1115 2678 531.
1143 2638 1218 2676 hos
1247 2636 1396 2676 Cratini
1422 2637 1596 2674 version-

292 2696 356 2737 loa
384 2698 625 2738 memorant·
653 2694 778 2736 ἔσθιε
799 2695 870 2738 καὶ
888 2693 941 2755 σῇ
967 2694 1122 2750 γαστρὶ
1157 2692 1279 2738 δίδου
1310 2688 1450 2750 χάριν,
1477 2687 1598 2748 ὄφρα
