1624 2904
314 156 396 196 DE
438 151 873 195 EUTnYDE—-Mo
907 150 1253 195 PLATONIS.
1403 154 1464 196 85

107 270 376 312 Nihilominus
407 274 542 310 autem
565 265 859 320 Euthydemus,
888 267 992 307 miro
1020 266 1130 307 illius
1150 265 1289 320 placiti
1315 277 1456 309 amore

111 334 277 380 captuS,
308 328 385 366 alia
414 327 760 380 argumentatione
789 326 976 364 evincere
1005 329 1196 376 conatur,
1225 323 1348 365 etiam
1374 323 1454 365 So-

106 390 259 425 cratem
299 386 494 434 omnia,
537 387 580 422 et
613 382 774 435 quidem
814 392 1023 434 semper
1052 382 1172 422 scire.
1235 381 1316 422 Hic
1343 382 1450 424 enim

108 450 368 495 posteaquam
410 455 456 481 se
496 442 669 492 aliqua
708 440 869 479 novisse
904 440 1075 492 largitus
1106 443 1191 489 est,
1229 439 1302 479 ille
1329 451 1450 493 argu·

108 505 288 540 mentum
320 500 425 538 hunc
452 499 492 537 in
521 498 681 537 modum
712 496 940 536 concludit:
999 497 1077 547 Qui
1090 498 1168 537 scit
1195 496 1360 549 aliquid,
1387 497 1452 538 in·

108 558 209 610 quit,
239 569 313 608 per
342 556 488 608 aliquid
516 555 616 594 illud
638 556 737 594 sciat
768 567 941 594 necesse
970 558 1055 602 est3
1085 553 1165 594 scit
1190 565 1289 594 vero
1318 554 1451 595 omnia

106 627 268 666 semper
309 626 387 652 uno
428 617 472 652 et
510 612 683 661 eodem,
724 624 858 663 neque
897 612 978 651 alio
1005 615 1126 664 atque
1155 611 1259 651 alio:
1290 623 1339 651 ex
1368 623 1450 664 quo

106 671 388 722 consequitur,
423 675 470 709 ut
509 671 734 722 quicunque
774 668 923 721 aliquid
961 669 1088 718 sciat,
1126 669 1163 708 is
1205 669 1374 708 omnia
1402 673 1448 709 et

105 729 264 781 quidem
304 740 508 778 semper
546 729 652 767 scire
689 726 974 766 existimandus
1011 727 1078 767 sit.
1134 725 1226 766 Nou
1253 727 1452 777 praeterit

104 785 331 834 Socratem,
361 785 454 835 quid
484 785 538 824 sit
566 785 606 824 in
637 797 715 835 quo
745 781 1101 836 argumentationis
1120 783 1280 823 fallacia
1307 782 1449 826 lateat.

105 843 302 894 Quocirca
338 842 560 893 respondet
609 846 746 880 mente
783 854 829 880 se
865 846 1008 882 tenere
1044 841 1275 889 scientiam,
1313 851 1449 891 neque

103 902 256 947 omnia,
295 900 367 939 sed
407 912 454 938 ea
491 902 669 947 tantum,
704 910 811 948 ,quae
848 900 962 938 sciat.
1020 896 1104 937 Sed
1143 897 1329 949 sophista
1367 897 1448 938 ite-

102 970 191 997 rum
221 958 399 996 clamitat
427 956 652 1008 disputandi
679 955 837 1008 legibus
866 956 1091 1004 adversari,
1122 955 1231 1006 quod
1258 955 1349 1007 plus
1378 966 1448 994 re-

105 1015 332 1066 sponderit,
361 1027 476 1064 quam
509 1015 564 1053 sit
597 1014 870 1064 iuterrogatus
893 1013 1068 1064 ideoque
1095 1012 1356 1053 admiscuerit
1384 1024 1448 1062 ea,

104 1084 206 1122 qnae
236 1077 347 1110 extra
382 1084 540 1110 causam
570 1083 662 1109 esse
683 1070 891 1109 videantur
911 1067 968 1125 *).
1025 1070 1226 1120 Quocirca
1252 1069 1447 1109 Socrates

102 1129 296 1168 voluntati
327 1141 466 1167 eorum
495 1128 733 1179 morigerari
760 1131 924 1167 coactus
955 1129 1202 1179 propositam
1231 1130 1446 1180 argumen-

103 1188 297 1226 tationem
331 1186 407 1224 alia
444 1199 491 1224 ex
530 1190 646 1237 parte
684 1185 876 1225 adoritur.
941 1186 1111 1235 Quaerit
1147 1185 1254 1224 enim
1295 1197 1344 1224 ex
1380 1184 1447 1233 iis,

104 1249 236 1283 utrum
275 1244 364 1294 ipse
406 1244 508 1282 sciat
546 1244 672 1281 bonos
709 1243 819 1280 viros
854 1242 1027 1281 iniustos
1065 1254 1182 1290 esse,
1220 1254 1271 1280 an
1296 1241 1338 1280 id
1368 1253 1447 1280 ne-

105 1302 205 1341 sciat
274 1300 512 1351 Respondet
546 1299 848 1350 Dionysodorus
888 1312 979 1337 eum
1023 1298 1065 1336 id
1103 1311 1201 1338 saue
1241 1299 1446 1351 ignorare,

102 1358 293 1397 videlicet
335 1357 610 1407 imprudenter
639 1356 863 1394 concedens
894 1355 1104 1395 Socratem
1132 1355 1252 1395 huius
1282 1360 1447 1395 senten-

103 1415 187 1453 tiae
224 1415 435 1453 veritatem
480 1415 714 1464 impugnare
758 1414 919 1451 solitum
958 1425 1060 1451 esse.
1131 1412 1212 1452 lam
1247 1424 1346 1452 vero
1377 1412 1447 1451 hic

104 1476 294 1523 protenus
324 1471 418 1510 inde
449 1471 618 1521 colligit,
651 1470 756 1520 quod
786 1483 875 1508 cum
904 1470 1079 1508 virorum
1107 1471 1266 1508 ratione
1296 1473 1448 1521 pugnat

103 1529 296 1576 mirifice,
337 1540 382 1566 se
419 1540 497 1566 non
542 1528 671 1566 omnia
701 1528 807 1565 scire
826 1524 915 1580 '*),
955 1539 1083 1576 eaque
1122 1525 1447 1567 conclusiuncula

101 1585 283 1624 homines
313 1585 548 1624 vanissimos
590 1585 687 1622 satis
718 1585 866 1622 acriter
895 1585 1058 1635 pungit,
1098 1588 1143 1623 ut
1173 1583 1253 1623 hoc
1283 1595 1445 1634 quoque

103 1643 285 1693 exemplo
316 1647 465 1692 pateat,
497 1645 643 1691 quanto
673 1641 726 1679 sit
756 1641 1039 1691 praestabilior
1068 1640 1276 1680 Socratica
1304 1641 1444 1691 dispu-

102 1700 211 1739 tandi
241 1701 344 1738 ratio
374 1700 535 1737 eristica
565 1699 644 1737 ista
673 1699 971 1749 sophistarum,
1011 1710 1113 1748 quae
1142 1711 1165 1736 a
1192 1698 1444 1749 Protagorae

102 1758 287 1809 profecta
328 1756 531 1802 doctriua,
573 1767 694 1806 quum
733 1756 920 1807 neglecta
949 1755 1220 1807 distinguendi
1249 1755 1446 1794 definien-

103 1815 224 1864 dique
262 1814 443 1852 sollertia
482 1813 648 1851 fallaces
688 1816 731 1851 et
760 1817 920 1864 argutas
950 1813 1297 1852 conclusiunculas
1325 1825 1446 1851 vena-

101 1877 235 1919 retur,
275 1884 405 1921 neque
445 1871 494 1908 ad
534 1883 669 1911 verum
711 1869 998 1921 exquirendum
1037 1870 1221 1919 valebat,
1261 1876 1305 1910 et
1334 1882 1446 1909 suam

100 1930 214 1980 quasi
240 1930 315 1967 vim
346 1930 431 1979 ipsa
462 1928 775 1979 constringebat.

213 2007 293 2046 Sed
334 2020 554 2058 quanquam
590 2007 774 2045 homines
802 2006 1005 2045 vanissimi
1033 1998 1470 2056 iterum‘iterumquev

103 2067 196 2104 sunt
225 2065 446 2113 confutati,
485 2069 617 2103 tamen
648 2077 699 2102 ne
728 2064 777 2103 ad
808 2064 1011 2102 silentium
1041 2064 1196 2103 redacti
1223 2064 1446 2112 videantur,

101 2122 214 2161 novis
251 2123 419 2173 argutiis
454 2122 554 2160 viam
594 2122 671 2160 sibi
700 2123 882 2160 muniunt
918 2121 966 2159 ad
1002 2121 1323 2172 persequendam
1364 2121 1446 2160 dis-

103 2179 353 2230 putationem
435 2179 548 2228 Quae
599 2179 758 2229 quidem
800 2179 892 2217 libri
931 2191 1024 2229 pars
1061 2191 1283 2229 quanquam
1320 2178 1447 2216 veluti

104 2246 179 2287 per
217 2241 392 2275 saturam
432 2237 627 2283 accessit,
666 2241 800 2275 tamen
843 2235 1146 2286 haudquaquam
1187 2242 1346 2275 temere
1376 2235 1446 2273 ad-

103 2293 208 2331 iecta
238 2299 312 2332 est.
371 2293 502 2342 Quum
534 2294 636 2331 enim
668 2294 743 2331 iam
773 2293 932 2331 tandem
963 2295 1143 2344 argutiae
1173 2293 1446 2344 sophistarum

105 2351 284 2401 exceptis
324 2351 460 2401 paucis
493 2350 726 2400 quibusdam
757 2350 880 2399 locis,
923 2351 963 2388 iu
993 2351 1135 2400 quibus
1167 2351 1348 2402 graviora
1377 2354 1443 2387 at-

103 2407 310 2457 tinguntur
338 2407 526 2455 decreta,
564 2406 615 2445 ad
643 2407 857 2458 ignobilem
889 2406 979 2445 fere
1010 2407 1285 2458 puerilemque
1315 2406 1444 2444 lusum

103 2463 373 2514 deducantur,
411 2476 459 2505 ex
505 2475 556 2502 eo
603 2465 666 2503 vel
702 2466 873 2504 maxime
908 2465 1172 2517 intelligitur,
1235 2475 1446 2515 quousque

168 2662 205 2705 *)
229 2666 342 2704 Usque
366 2667 406 2698 ad
431 2677 464 2708 p.
480 2669 569 2700 296.
594 2667 638 2699 E.

145 2729 203 2774 ⁸²¹²)
228 2734 264 2766 P.
292 2735 371 2768 29¹1.
395 2737 438 2769 A.

1037 2793 1067 2833 3
1095 2792 1117 2819 ί
