1624 2904
262 181 319 222 14
716 178 1128 224 PROLEGOMENA

257 304 337 345 qne
368 304 392 330 a
428 289 597 331 Socrate
634 288 859 334 edocendus
895 298 979 342 est,
1019 291 1177 333 ostendi
1215 298 1405 346 oportere
1440 295 1571 348 ipsum

255 349 416 388 virtutis
444 360 583 399 genus,
618 346 691 387 sub
720 350 825 398 quod
854 351 1034 402 singulae
1062 350 1148 389 eius
1176 347 1331 391 formae
1358 365 1406 391 ac
1433 358 1569 403 partes

253 404 461 444 subiectae
495 405 574 444 sint
599 400 660 452 *).
725 405 813 455 Quo
859 407 1065 445 intellecto
1101 409 1262 446 secutus
1289 407 1473 447 utilitatis
1501 421 1571 447 ra·-

254 461 406 499 tiouem
430 460 617 498 virtutem
645 465 784 500 censet
821 473 911 500 esse
942 461 1246 501 facultatem
1273 461 1498 505 hominib
1512 477 1565 503 us

252 516 561 568 imperandi,
589 527 718 568 eoque
747 529 886 556 rursus
913 516 1063 569 duplici
1084 518 1242 557 nomine
1256 523 1410 570 peccat.
1465 519 1564 559 Nam

250 572 423 624 primum
451 573 508 611 ita
535 572 641 610 nulla
668 573 823 612 videtur
852 586 942 612 esse
960 585 1081 625 posse
1100 585 1237 612 eorum
1256 575 1395 623 virtus,
1423 575 1564 626 quibus

250 628 473 680 imperandi
500 628 608 666 nulla
624 630 901 681 opportunitas
929 633 997 668 aut
1012 629 1182 668 facultas
1200 629 1292 669 data
1311 634 1395 677 est,-
1423 630 1566 670 deinde

250 685 369 723 etiam
399 684 503 723 male
531 687 668 735 potest
699 686 899 736 imperari.
956 686 1095 736 ltaque
1129 686 1289 725 tertiam
1317 686 1437 726 affert
1462 686 1567 729 defl-

248 740 455 787 nitionem,
485 752 560 790 qua
578 741 765 780 virtutem
785 741 925 780 statuit
945 752 1039 780 esse
1056 742 1095 780 in
1116 753 1179 790 eo,
1207 746 1253 780 ut·
1281 743 1394 793 quis
1422 742 1565 781 iuste

247 796 518 847 imperare
545 798 724 846 possit.
779 797 889 846 Quae
917 801 1050 836 tamen
1085 798 1188 835 ratio
1227 801 1270 836 et
1309 799 1396 850 ipsa
1424 799 1564 837 vitiosa

247 856 334 900 est,
374 851 566 902 siquidem
603 857 766 903 praeter
792 853 984 892 iustitiam
1013 853 1164 891 multae
1191 853 1290 891 aliae
1323 857 1414 892 sunt
1439 855 1563 892 virtu-

245 912 333 956 tes,
368 920 468 959 quae
504 907 611 946 illius
648 909 796 947 ambitu
841 921 920 947 non
957 908 1357 960 comprehenduntur.
1422 910 1562 960 ltaque

243 963 375 1003 denuo
412 977 435 1002 a
474 963 641 1002 Socrate
675 964 919 1011 admonitus,
966 969 1012 1002 ut
1049 978 1099 1003 ne
1137 969 1294 1015 partem
1330 964 1402 1003 sed
1439 977 1565 1016 genus,

243 1019 402 1059 virtutis
445 1019 668 1067 describat,
705 1020 864 1059 tandem
901 1021 1070 1071 ingenue
1100 1014 1275 1068 fatetur,
1319 1021 1474 1059 nescire
1503 1033 1564 1068 se,

247 1075 343 1127 quid
384 1077 458 1122 sit,
497 1075 602 1125 quod
640 1076 712 1115 sub
749 1088 898 1127 genere
934 1077 1012 1114 isto
1041 1075 1339 1127 intelligendum
1361 1078 1444 1128 ⁴sit.
1485 1074 1560 1125 **).

246 1131 386 1182 ltaque
423 1131 611 1170 Socrates
650 1133 832 1183 exemplo
857 1144 880 1171 a
905 1132 1032 1182 figura
1061 1136 1103 1170 et
1130 1131 1266 1170 colore
1294 1133 1469 1184 repetito
1497 1144 1561 1170 sa·-

243 1188 298 1226 tis
326 1188 443 1237 longa
471 1187 753 1238 disputatione,
782 1200 858 1238 qua
886 1187 1003 1226 simul
1029 1187 1287 1238 Empedoclis
1316 1192 1360 1226 et
1387 1188 1561 1239 Gorgiae

246 1243 438 1295 quaedam
473 1243 618 1293 placita
655 1244 1003 1294 perstringuntur,
1039 1243 1077 1281 ei
1113 1243 1271 1293 planum
1310 1243 1430 1291 facit,
1466 1242 1559 1294 quid

242 1300 283 1339 in
313 1299 547 1338 definiendis
576 1300 802 1338 notionibus
831 1299 1033 1337 observari
1052 1299 1194 1337 debeat
1210 1295 1311 1352 ***).
1367 1300 1559 1348 Quartum

241 1367 345 1394 nunc
383 1355 603 1394 Thessalus
647 1359 779 1394 tentat
814 1355 973 1395 virtutis
1004 1355 1295 1403 definitionem,
1334 1367 1447 1406 quam
1475 1354 1558 1394 vult

241 1412 282 1451 in
312 1423 360 1449 eo
389 1412 557 1462 positam
587 1423 701 1457 esse,
739 1415 794 1450 ut
831 1411 944 1462 quis
983 1423 1039 1450 ea
1067 1411 1214 1459 bona,
1249 1423 1371 1461 quac
1399 1422 1557 1462 appe-

243 1471 342 1514 tat,
373 1467 474 1506 sibi
502 1478 804 1518 comparare
835 1467 1017 1517 possit.
1074 1467 1184 1516 Quae
1213 1467 1407 1505 sententia
1436 1479 1557 1518 quan-

242 1536 358 1574 quam
399 1527 538 1573 aperte
579 1524 763 1562 utilitatis
802 1522 975 1561 studium
1013 1523 1167 1574 arguit,
1208 1526 1254 1561 ut
1290 1522 1558 1572 sophistarum

242 1578 458 1629 discipulus
488 1579 608 1617 facile
633 1580 812 1630 potuerit
839 1578 930 1616 ideo
958 1578 1184 1628 vituperari,
1214 1582 1346 1616 tamen
1375 1590 1452 1616 non
1478 1578 1558 1617 hoc

238 1636 397 1674 nomine
437 1647 458 1672 a
488 1634 655 1673 Socrate
694 1634 1023 1686 reprehenditur,
1063 1634 1134 1672 sed
1163 1634 1267 1684 quod
1294 1634 1450 1672 virtutis
1480 1634 1551 1672 de-

239 1692 458 1730 finitionem
488 1691 642 1741 plenam
670 1693 969 1740 accuratamque
997 1700 1074 1728 non
1103 1690 1336 1731 exhibuerit.
1394 1689 1552 1729 Etenim

237 1747 346 1786 istud
383 1747 509 1785 bona
551 1751 821 1798 appetere,
858 1747 948 1797 qula
985 1757 1103 1784 nemo
1135 1746 1266 1784 sciens
1297 1745 1399 1784 mala
1427 1757 1551 1798 expe-

236 1805 318 1850 tat,
368 1802 579 1840 absurdum
625 1807 666 1841 et
712 1804 884 1841 otiosum
933 1814 1024 1840 esse
1061 1801 1265 1842 iudicatur.
1335 1801 1554 1841 Praeterea

237 1859 356 1897 etiam
383 1857 481 1896 illud
511 1862 683 1907 notatur,
714 1858 816 1909 quod
847 1858 1024 1896 definitio
1051 1857 1128 1895 ista
1158 1858 1273 1896 nimis
1290 1857 1373 1895 late
1402 1861 1550 1907 pateat,

235 1914 428 1966 siquidem
457 1915 559 1952 bona
583 1927 658 1953 non
697 1915 833 1966 quovis
862 1913 999 1960 modo,
1039 1913 1111 1951 sed
1138 1913 1309 1952 honeste
1336 1918 1456 1964 atque
1484 1914 1550 1952 iu-

236 1975 300 2010 ste
329 1970 586 2021 comparanda
613 1973 693 2010 sint
729 1968 850 2020 ****).
908 1969 1101 2025 intelligit
1140 1968 1264 2007 Meno
1312 1981 1357 2007 ac
1395 1968 1549 2008 fatetur

235 2039 414 2065 errorem
455 2039 591 2066 suum:
634 2026 705 2065 sed
740 2026 843 2064 idem
881 2025 1036 2063 Socrati
1074 2025 1217 2063 mentis
1245 2029 1449 2075 torporem
1478 2037 1547 2064 ex-

235 2083 419 2134 probrat,
451 2095 566 2132 quem
593 2083 668 2122 sibi
697 2081 913 2133 torpedinis
944 2080 1108 2119 alicuius
1137 2081 1262 2119 instar
1287 2081 1482 2120 iniecerit.

345 2138 613 2188 Expediturus
651 2140 773 2190 igitur
808 2149 899 2176 sese
940 2136 1100 2175 tandem
1137 2149 1187 2174 ex
1223 2136 1406 2187 gravibus
1442 2130 1554 2186 istis,

233 2194 374 2246 quibus
403 2196 642 2234 constrictus
672 2198 867 2239 tenetur‚2
891 2192 1120 2231 dialectices
1156 2190 1307 2242 laqueis
1342 2203 1444 2230 nunc
1480 2204 1545 2230 ar·-

231 2254 365 2302 gutam
393 2250 550 2300 profert
578 2249 924 2301 quaestiunculam,
951 2249 1056 2287 haud
1080 2248 1198 2286 dubie
1226 2259 1250 2287 e
1279 2247 1545 2298 sophistarum

231 2305 436 2357 disciplina
470 2311 681 2360 arreptam.
747 2306 825 2358 Qui
859 2304 1040 2357 taudem,
1077 2305 1226 2357 iuquit,
1265 2302 1315 2344 de
1343 2315 1392 2345 eo
1422 2315 1542 2357 quae-

318 2505 356 2550 *)
379 2508 417 2538 Ρ.
443 2507 495 2537 τι.
519 2508 545 2538 13
568 2521 611 2530 -
639 2507 695 2540 ⁶23.
716 2508 755 2540 c.

294 2573 354 2616 *ἢ
379 2575 414 2606 Ρ.
442 2576 495 2605 73.
520 2576 557 2606 c.
581 2591 624 2598 -
650 2575 704 2607 τ4.
732 2575 770 2606 Β.

273 2639 352 2682 m)
376 2642 413 2673 Ρ.
438 2643 490 2672 74.
518 2643 557 2672 Β.
582 2657 626 2664 -
650 2643 704 2674 τι,
729 2643 770 2673 Α.

253 2705 352 2751 ω’)
374 2708 492 2741 aaz.
519 2710 558 2742 A.
583 2725 625 2733 -
651 2709 705 2741 τε).
729 2709 771 2740 κ.
