1624 2904
302 195 360 236 52
737 192 1156 235 *DISPUTATIO

307 306 477 346 Nubium
505 308 795 356 argumentum,
826 305 930 357 quod
960 307 1251 357 spectatoribus
1279 319 1356 347 non
1386 307 1617 359 placuisset,

309 362 457 401 civibus
485 361 631 401 iterum
659 363 880 412 iterumque
909 363 1259 403 commendaretur.
1325 365 1380 402 At
1408 376 1501 401 vero
1529 369 1617 402 tan-

309 422 391 457 tum
426 417 559 464 abest,
599 421 643 456 ut
676 422 794 468 poeta
831 422 970 468 postea
1007 421 1198 470 temporis
1241 419 1444 457 Socratem
1481 432 1618 458 rursus

308 477 490 523 tanquam
518 473 692 524 ineptum
721 473 940 524 sophistam
969 475 1268 524 perstrinxerit,
1297 480 1342 513 ut
1369 488 1458 512 eum
1487 476 1524 512 in
1555 488 1618 513 re-

309 529 426 579 liquis
462 528 605 567 fabulis
641 530 702 568 bis
730 534 879 567 tantum
909 533 1184 568 memoraverit
1211 536 1330 580 atque
1358 531 1433 568 alio
1463 533 1619 569 nomine

308 584 623 635 reprehenderit.
688 585 786 623 Nam
825 585 863 622 in
904 585 1072 633 Avibus,
1109 599 1209 637 quae
1256 586 1388 623 fabula
1429 593 1517 624 acta
1555 590 1619 625 est

309 639 466 691 Olymp.
505 639 607 682 XCI.
635 639 675 680 2.
714 653 746 679 s.
785 641 878 680 414.
917 653 951 681 a.
991 641 1085 682 Chr.
1124 654 1175 689 n.,
1212 653 1245 679 v.
1278 642 1398 682 1271.
1428 646 1470 679 et
1498 642 1621 683 1541.

309 696 372 737 ed.
410 695 588 738 Dindorf.
631 697 668 734 ei
703 697 799 734 satis
833 696 978 734 leniter
1015 698 1298 735 immunditiem
1328 700 1370 735 et
1397 698 1622 747 squalorem

308 752 536 802 exprobrat.
591 752 635 790 In
664 751 784 790 Ranis
814 756 944 789 autem
974 753 1130 803 Olymp.
1161 751 1300 792 XCIII.
1327 753 1366 790 3.
1396 765 1427 792 s,
1458 765 1492 795 a.
1521 753 1619 796 405.

309 820 344 846 a.
369 807 469 845 Chr.
496 820 534 849 n.
565 809 786 846 commissis
812 819 847 847 v,
877 808 998 846 1491.
1033 810 1118 846 eius
1158 816 1246 846 cum
1274 808 1466 858 Euripide
1503 808 1621 848 fami-

306 863 519 902 liaritatem
559 864 719 902 notavit.
789 863 899 912 Quae
938 876 1054 913 quum
1085 865 1138 902 ita
1168 865 1269 910 sint,
1298 865 1432 914 ecquis
1463 869 1526 903 est
1554 865 1622 916 qui

307 919 385 958 81111
422 919 658 969 persuadeat
703 923 864 970 poetam
911 930 1067 957 omnem
1109 920 1354 957 occasionem
1389 920 1621 959 traducendi

306 974 478 1014 hominis
515 974 620 1013 facie
655 978 696 1013 et
727 975 862 1012 habitu
890 975 1117 1024 perridiculi
1145 980 1187 1013 et
1215 975 1263 1012 ad
1302 976 1422 1013 risum
1462 978 1500 1014 iu
1530 989 1620 1014 sce-

306 1042 358 1069 na
382 1031 627 1068 excitandum
657 1031 704 1068 ab
730 1031 817 1081 ipsa
846 1036 981 1067 natura
1008 1030 1105 1069 facti
1133 1032 1453 1069 transmissurum
1477 1032 1619 1080 fuisse,

306 1086 383 1125 nisi
417 1098 529 1124 suum
566 1087 605 1124 in
644 1099 732 1124 eum
761 1086 927 1123 animum
956 1092 1206 1152 mentemque
1246 1088 1406 1137 penitus
1434 1088 1624 1126 immuta-

306 1142 459 1181 visset²
523 1141 585 1180 Ad
623 1142 700 1179 hoc
736 1142 891 1180 accedit
923 1141 1025 1179 aliud
1064 1143 1124 1180 rei
1169 1148 1463 1193 argumentum,
1501 1143 1620 1194 idque

305 1197 409 1249 haud
440 1197 570 1247 paullo
598 1197 765 1248 gravius.
821 1198 987 1236 Constat
1017 1199 1119 1236 enim
1147 1198 1266 1236 hodie
1295 1200 1526 1236 certissimis
1555 1212 1618 1237 ar-

307 1254 525 1304 gumentiS,
555 1257 713 1303 poetam
742 1254 818 1291 etsi
846 1253 982 1292 Nubes
1003 1255 1184 1292 secundis
1201 1255 1305 1292 curis
1327 1267 1618 1305 recognoscere

308 1313 351 1348 et
379 1309 587 1348 emendare
615 1309 877 1355 instituisset,
915 1312 1046 1347 tamen
1077 1309 1178 1347 hanc
1213 1310 1384 1347 fabulam
1424 1323 1499 1348 11011
1541 1312 1617 1348 ite'-

305 1378 393 1403 rum
423 1364 619 1402 docuisse.
675 1365 773 1403 Nam
803 1365 890 1403 falli
918 1376 1012 1412 eos,
1042 1366 1108 1416 qui
1135 1365 1271 1403 Nubes
1299 1366 1497 1404 bisxactas
1527 1378 1618 1404 esse

304 1421 520 1460 memoriae
546 1420 819 1471 prodiderunt,
847 1425 941 1471 post
958 1433 1017 1468 ea,
1046 1434 1145 1471 quae
1166 1421 1452 1459 I'almerius
1489 1421 1619 1460 Exer-

305 1477 434 1514 citatt.
473 1488 512 1525 p.
550 1476 645 1515 729.
687 1480 728 1513 et
764 1476 1082 1514 Ilm-mannus
1121 1477 1292 1515 Praefat.
1336 1477 1383 1514 ad
1413 1477 1539 1515 Nubb.
1578 1490 1616 1528 p.

303 1530 398 1570 XIII
434 1543 518 1580 sqq.
549 1531 611 1570 ed.
641 1543 721 1570 sec.
752 1537 1041 1581 exposuerunt,
1084 1544 1198 1569 nemo
1228 1537 1382 1570 temere
1410 1533 1615 1571 dubitabit.

301 1586 425 1628 Facta
453 1591 517 1624 est
531 1590 662 1624 autem
691 1587 754 1624 vel
783 1588 912 1637 potius
942 1593 1126 1637 suscepta
1153 1588 1323 1625 secunda
1351 1588 1508 1625 fabulae
1545 1602 1612 1626 re-

303 1644 437 1682 censio
466 1641 758 1680 Hermanno
787 1643 915 1680 iudice
944 1655 1019 1680 11011
1049 1647 1140 1681 ante
1170 1644 1327 1694 Olynip.
1356 1644 1421 1681 89.
1451 1644 1479 1681 4
1534 1645 1615 1683 lam

302 1710 398 1737 vero
428 1697 518 1750 quid
535 1710 675 1736 causae
699 1711 787 1736 esse
817 1699 1012 1745 dicamus,
1048 1712 1118 1736 cur
1154 1703 1272 1749 poeta
1311 1700 1517 1736 secundam
1550 1700 1616 1738 fa·

301 1754 419 1793 bulae
456 1755 725 1792 recensionem
764 1755 1004 1801 instituerit,
1042 1755 1166 1804 ipsam
1205 1755 1375 1792 fabulam
1412 1756 1613 1802 abiecerit,

302 1815 415 1850 certe
453 1810 607 1861 quidem
647 1823 668 1847 a
706 1823 822 1848 scena
864 1811 1022 1848 exulare
1057 1811 1247 1848 insserit'!
1305 1811 1512 1848 Enimvero
1544 1812 1611 1849 ille

300 1871 560 1918 posteaquam
590 1865 762 1904 Socratis
792 1867 1012 1917 ingenium,
1042 1878 1172 1904 mores
1203 1871 1244 1904 et
1273 1866 1514 1916 disciplinam
1543 1880 1612 1905 re-

301 1924 404 1973 ctius
432 1922 640 1960 aestimare
669 1922 886 1967 didicisset,
917 1934 991 1959 non
1021 1923 1150 1971 potuit
1179 1935 1200 1959 a
1230 1935 1274 1959 se
1303 1924 1538 1972 impetrare,
1568 1927 1612 1960 ut

297 1979 423 2017 virum
460 1978 818 2015 innocentissimum
859 1978 985 2032 denuo
1022 1979 1119 2015 risui
1148 1978 1408 2016 multitudinis
1439 1991 1611 2029 expone·

297 2038 386 2082 ret,
414 2034 584 2083 ideoque
626 2034 762 2071 maluit
797 2046 894 2084 quae
923 2034 1152 2083 scripsisset
1181 2035 1220 2071 111
1250 2035 1403 2072 scriniis
1423 2036 1608 2083 retinere,

297 2103 412 2141 quam
439 2091 684 2128 innocentem
714 2091 886 2140 turpiter
914 2089 1084 2129 laedere.
1141 2090 1250 2137 Quae
1280 2103 1396 2139 quum
1433 2091 1486 2127 ita
1517 2102 1607 2128 eve-

296 2147 471 2192 nissent,
498 2145 613 2182 Plato
642 2158 713 2182 cur
740 2146 1042 2196 Aristophanem
1071 2146 1109 2182 in
1139 2145 1388 2196 Eutliydemo
1426 2158 1503 2183 11011
1532 2158 1608 2183 110-

296 2202 522 2244 minaverit,
561 2201 656 2238 licet
691 2201 794 2239 idem
831 2206 1124 2252 argumentum,
1165 2202 1268 2252 quod
1298 2206 1439 2251 poeta,
1469 2214 1606 2252 magna

294 2262 405 2296 certe
434 2270 482 2295 ex
513 2261 626 2306 parte
654 2258 922 2307 attigerit,‘in
952 2257 1159 2307 propatulo
1189 2269 1278 2294 esse
1309 2257 1555 2297 arbitramur.

402 2313 542 2364 Neque
579 2313 680 2350 enim
716 2325 881 2360 vereor,
919 2325 969 2350 ne
1011 2314 1096 2363 quis
1134 2313 1239 2350 dicat
1276 2313 1431 2362 priores
1466 2313 1601 2350 Nubes

291 2366 468 2413 fortasse
505 2367 595 2406 ideo
623 2380 699 2406 non
730 2367 1050 2416 commemorari,
1081 2369 1169 2419 qnia
1196 2368 1299 2405 aliud
1329 2374 1602 2418 argumentum

289 2423 502 2462 habuerint·
526 2436 598 2461 1100
627 2428 705 2461 tam
736 2424 783 2461 ad
813 2424 1017 2462 Socratem
1047 2437 1160 2474 quam
1180 2424 1226 2461 ad
1245 2424 1443 2474 sophistas
1465 2436 1600 2463 omues

289 2480 557 2529 explodendos
587 2480 857 2528 pertinuerint.
915 2480 1012 2518 Nam
1039 2485 1082 2518 ut
1115 2483 1247 2530 partes
1275 2480 1461 2529 quaedam
1481 2480 1600 2517 aliter

286 2534 435 2575 fuerint
463 2535 707 2585 descriptae,
736 2540 854 2586 atque
882 2535 920 2572 in
951 2537 1167 2587 superstite
1197 2535 1341 2582 sabula,
1371 2536 1421 2573 de
1451 2549 1524 2586 qna
1554 2548 1599 2573 re

285 2591 398 2630 valde
441 2592 618 2630 diversae
659 2596 750 2630 sunt
790 2591 992 2631 hominum
1037 2592 1242 2630 doctorum
1287 2593 1508 2630 sententiae
1541 2589 1597 2644 ²⁶¹),

346 2710 381 2753 ¹’)
412 2713 480 2744 Alii
517 2713 606 2744 enim
635 2715 760 2753 negant
786 2715 922 2753 praeter
944 2711 1117 2754 parabarii·
1142 2714 1270 2752 partem
1293 2723 1323 2745 v.
1359 2713 1424 2744 514
1448 2730 1489 2737 —
1515 2714 1591 2745 558.
