1624 2904
293 177 352 221 54
753 177 1160 225 DISPUTATIO

297 292 451 345 priores
478 291 616 332 Nubes
642 291 888 360 respiciens:
917 282 1012 334 ἀλλ’
1042 288 1148 347 ὑπὲρ
1178 306 1203 332 ι,
1194 305 1297 358 μων
1326 292 1388 334 ἔτι
1416 292 1489 334 καὶ
1517 294 1616 335 νυνὶ

296 349 497 401 πολεμεῖν
534 347 643 405 φησί
679 362 724 389 τε
751 346 843 401 μετ’
875 346 1012 388 αὐτοῦ
1047 348 1152 396 Τοῖς
1178 345 1379 419 ἠπιαλοις
1407 349 1614 416 ἐπιχειρῆ-

299 417 372 447 σαι
408 405 588 470 πέρυσιν
617 403 689 445 καὶ
716 410 810 456 τοῖς
830 417 948 469 πυρε
932 408 1113 453 -τοῖσιν,
1152 403 1197 443 οἳ
1223 404 1326 454 τοὺς
1353 405 1543 458 πατέρας
1569 402 1610 445 τ’

295 474 351 511 ⁷77
349 473 430 512 χον
457 456 623 513 νύκτωρ
665 460 737 500 καὶ
763 454 867 506 τοὺς
894 455 1096 507 πάππους
1131 456 1317 511 ἀπέπνιγ
1307 473 1395 506 ον,
1433 461 1480 498 ad
1511 474 1613 512 quae

295 520 407 554 reete
435 515 746 568 Berglerusz
804 515 940 564 „Nam
968 516 1154 563 incubus
1183 516 1324 566 iuquit
1352 515 1509 555 videtur
1536 517 1611 554 ho-

294 572 421 610 mines
459 572 727 624 strangulare3
764 571 880 610 simul
915 571 963 609 ad
1005 571 1140 610 Nubes
1188 572 1423 622 respicitur,
1462 573 1501 610 in
1539 585 1616 623 qua

294 625 549 680 Phidippides
593 632 748 678 patrem
795 640 907 666 suum
943 628 1126 666 verberat
1159 632 1201 665 et
1239 628 1465 678 praefocat,
1501 629 1614 668 utin

292 682 373 722 illis
410 684 529 722 etiam
566 688 652 731 est
690 695 786 734 quas
821 694 923 724 nunc
958 683 1172 731 habemus,
1206 695 1310 723 vers
1353 683 1469 724 1389
1484 711 1496 730 ‚
1544 685 1612 723 ubi

293 742 409 795 pater
438 739 534 778 dicit
563 740 612 778 de
639 739 744 777 filio:
783 734 947 780 κᾶπειτ’
989 738 1100 804 ἔ([λα
1127 752 1181 791 με
1221 732 1429 778 κᾶσπόὺει
1467 733 1612 779 κᾶπνι-

292 806 379 847 γεν.
446 794 587 847 Pergit
631 799 778 859 poeta:
825 790 1183 859 κατατιλλόμενοί
1217 790 1256 834 τ’
1298 794 1367 836 ἐπὶ
1401 800 1498 842 ταῖς
1526 798 1612 835 κοί-

291 863 389 898 ταις
437 851 506 891 ἐπὶ
553 856 705 892 τοῖσιν
727 845 1004 917 ἀπράρμοσιν
1047 846 1168 914 ὑμῶν
1202 846 1493 901 Ἀντωιιοσίας
1539 850 1612 891 καὶ

292 902 575 961 προςκλήσεις
609 906 682 950 καὶ
714 906 956 970 μαοτυριάς
992 901 1280 952 συνεκόλλων,
1323 902 1418 952 ω’ςτ’
1451 903 1612 956 ἀναπη-

292 960 375 1001 δᾶν
405 959 707 1014 δειμαίνοντας
743 959 931 1008 πολλοὺς
974 958 1030 1008 ὡς
1065 955 1144 1000 τὸν
1171 961 1481 1014 πολέμαοχονη
1510 974 1612 1013 quae

292 1017 372 1057 etsi
407 1031 494 1057 rem
533 1030 646 1057 more
680 1018 832 1056 eomioo
865 1021 1123 1068 exaggerant,
1161 1020 1291 1056 tamen
1332 1029 1410 1055 non
1446 1022 1510 1057 est
1539 1018 1612 1056 du-

291 1072 399 1115 bium
429 1075 519 1124 quin
547 1075 774 1125 pertineant
802 1072 850 1111 ad
882 1086 1220 1137 φροντιστηοιον
1249 1072 1344 1110 illud
1374 1085 1410 1113 v.
1439 1074 1492 1110 92
1523 1087 1611 1124 sqq.

291 1128 533 1183 descriptum
565 1134 607 1168 et
628 1130 676 1168 ad
706 1129 923 1167 orationem
954 1127 1194 1178 Strepsiadis
1224 1140 1259 1169 V.
1288 1128 1369 1166 445
1389 1141 1475 1179 sqq.
1530 1129 1613 1168 Sed

245 1195 248 1199 ’
291 1185 464 1224 οιιιιιίιιιιι
507 1187 655 1236 optime
693 1197 742 1223 ex
778 1185 865 1234 ipso
900 1184 1066 1223 Platone
1101 1185 1341 1234 perspicitur
1385 1184 1425 1224 iu
1475 1185 1611 1234 primis

289 1239 468 1280 Nubibus
518 1254 618 1291 quae
662 1240 711 1279 ad
748 1240 955 1278 Socratem
984 1244 1211 1290 spectarent
1260 1240 1390 1278 omnia
1427 1240 1613 1280 similiter

288 1299 408 1346 atque
442 1297 482 1340 in
525 1296 660 1339 fabula
692 1297 907 1346 superstite
942 1295 1128 1338 adornata
1162 1295 1291 1334 fuisse
1329 1295 1506 1347 adeoque
1535 1297 1612 1335 So-

289 1356 440 1390 cratem
479 1357 661 1403 tanquam
695 1353 863 1390 inanium
903 1351 1168 1402 sophistarum
1207 1352 1425 1403 principem
1452 1353 1492 1389 iu
1522 1365 1612 1392 sce-

286 1417 379 1448 nam
409 1408 619 1447 inductum<
680 1408 779 1446 Nam
807 1408 1103 1458 haudquaquam
1131 1407 1346 1445 verisimile
1376 1411 1441 1446 est
1478 1408 1610 1459 philo-

288 1463 455 1513 sophum
494 1464 543 1502 iis
582 1464 706 1511 locis,
748 1464 887 1516 quibus
915 1463 1190 1513 Aristophanis
1220 1463 1392 1503 fabulam
1421 1466 1611 1514 respexit,

287 1518 498 1558 secundam
534 1520 618 1557 eius
649 1519 698 1562 ob
729 1519 865 1556 ocuios
895 1518 1080 1557 habuisse
1109 1520 1395 1566 recensionem,
1424 1532 1609 1569 praeser-

286 1574 358 1612 tim
387 1575 420 1612 si
449 1587 522 1625 per
550 1575 650 1613 hanc
679 1574 802 1615 multa
829 1574 1000 1612 fuissent
1030 1575 1245 1612 immutata.
1305 1575 1510 1613 Contraria
1543 1580 1609 1614 ta-

285 1641 377 1669 men
393 1630 656 1669 Fritschii
685 1631 764 1669 mei
781 1631 976 1671 sententia
997 1634 1071 1677 est,
1102 1631 1168 1680 qui
1189 1631 1265 1668 etsi
1285 1632 1437 1679 statuit,
1463 1644 1610 1670 secun-

285 1684 355 1728 das
393 1686 528 1725 Nubes
566 1699 646 1725 non
670 1698 762 1724 esse
786 1686 826 1724 in
861 1698 1018 1724 scenam
1046 1686 1248 1734 inductas,
1286 1691 1418 1725 tamen
1447 1688 1607 1727 easdem

283 1742 488 1780 contendit
528 1755 550 1779 a
585 1742 751 1780 Platone
792 1754 884 1780 esse
927 1744 1189 1792 respectatas.
1264 1742 1319 1780 At
1371 1744 1474 1781 enim
1510 1756 1606 1782 vero

283 1796 324 1835 in
353 1797 547 1849 Apologia
576 1798 732 1848 quidem
764 1802 877 1837 certe
906 1798 1164 1848 philosophus
1193 1810 1266 1847 per
1294 1799 1417 1847 ipsam
1447 1799 1506 1837 rei
1533 1812 1608 1838 na-

282 1854 410 1897 turam
448 1866 525 1892 non
564 1855 693 1904 potuit
731 1854 845 1891 aliam
882 1853 1054 1892 fabulam
1091 1855 1318 1902 respicere,
1355 1868 1468 1905 quam
1506 1867 1607 1906 quae

282 1912 326 1946 et
357 1909 460 1947 edita
489 1914 600 1948 esset
629 1913 671 1949 et
698 1909 889 1948 iudicibus
919 1910 1092 1960 cognita,
1146 1909 1260 1957 Quod
1290 1911 1443 1960 quidem
1461 1923 1509 1948 eo
1541 1914 1606 1950 est

281 1964 445 2012 certius,
483 1978 559 2016 quo
589 1965 840 2004 verisimilior
878 1969 941 2006 est
981 1965 1259 2003 Hermanni
1288 1967 1506 2014 sententia,
1538 1967 1605 2018 qui

281 2032 330 2062 ex
366 2021 451 2070 ipsa
489 2021 659 2060 Nubium
698 2021 832 2059 indole
873 2026 916 2060 et
952 2021 1083 2063 forma
1121 2020 1289 2064 efficere
1321 2022 1493 2069 studuit,
1532 2035 1602 2061 se-

278 2076 442 2116 cundam
464 2076 623 2115 fabulae
641 2078 928 2125 recensionem,
958 2090 1071 2127 quam
1102 2076 1349 2117 Scholiastae
1371 2082 1604 2126 memorant,

276 2143 299 2174 a
323 2136 440 2181 poeta
472 2133 694 2171 inchoatam
724 2137 898 2181 tautum,
937 2145 1014 2171 uon
1046 2133 1267 2182 perfectam
1302 2134 1602 2184 absolutamque

275 2198 381 2233 esse,
406 2200 490 2230 eam
509 2201 617 2235 vero,
639 2202 738 2239 quae
754 2193 938 2242 superest
952 2188 1088 2235 hodie,
1106 2188 1277 2229 fabulam
1295 2201 1342 2228 ex
1355 2189 1522 2240 utraque
1538 2202 1604 2228 re-

273 2244 478 2290 censione,
494 2245 675 2294 perfecta
692 2246 815 2295 prima
831 2251 871 2284 et
885 2244 1123 2294 imperfecta
1138 2244 1321 2292 secunda,
1337 2246 1493 2285 mixtam
1510 2257 1604 2284 esse

272 2301 315 2336 et
329 2300 560 2338 conflatam:
576 2301 638 2338 cui
654 2301 723 2341 viri
736 2301 876 2340 summi
891 2301 1033 2339 iudicio
1054 2301 1258 2350 suffragati
1280 2305 1370 2343 sunt
1390 2302 1505 2339 etiam
1521 2301 1603 2340 Fr.

270 2353 648 2404 Aug.W01fius
678 2355 810 2395 Praef.
834 2356 883 2393 ad
909 2356 1039 2395 Nubb.
1069 2369 1108 2406 p
1134 2356 1202 2396 lv.
1231 2360 1273 2393 et
1301 2356 1521 2397 Boeckh.
1541 2356 1603 2395 De

270 2408 414 2448 Graec.
438 2410 826 2461 Tragoed.1'rincip.
856 2424 892 2462 p.
922 2411 989 2450 21.
1017 2413 1167 2465 Accipe
1194 2423 1288 2451 vero
1293 2412 1403 2476 ipsa
1422 2412 1599 2476 Platonis

266 2465 387 2509 verba
406 2466 574 2520 Apolog.
598 2480 634 2517 p.
661 2468 726 2513 19
746 2467 791 2504 Β.
810 2467 854 2507 C.
880 2463 1013 2531 ω’ςπερ
1042 2466 1119 2507 οὐν
1139 2481 1274 2518 metm
1280 2462 1393 2531 όρων
1422 2481 1501 2516 την
1531 2465 1601 2508 άν-

266 2522 490 2572 τωμοσιάν
521 2524 585 2562 δεῖ
615 2519 863 2586 αναῃιῶναι
902 2521 1063 2563 αὐτῶν·
1092 2519 1338 2576 Σωκοιὲτης
1365 2520 1504 2566 ἀδικεῖ
1526 2524 1624 2575 xaz3

265 2589 426 2646 nepteo>
428 2573 587 2626 εἱζετω
623 2577 758 2643 ζητῶν
786 2574 840 2617 τά
870 2593 915 2619 τε
939 2593 1024 2619 vno
1054 2592 1132 2631 γης
1167 2578 1239 2617 καὶ
1267 2593 1320 2618 τα
1350 2574 1622 2640 ἐπουράνια,’

265 2633 338 2671 καὶ
367 2627 447 2672 τὸν
476 2629 592 2681 η’ττω
625 2630 692 2685 λό)
698 2646 760 2673 ον
791 2635 966 2688 κοείττω
996 2633 1145 2681 ποιῶν,
1176 2634 1247 2673 καὶ
1269 2629 1452 2703 ἄλλουςὐ
1462 2634 1624 2674 ταῦτα’1

266 2682 511 2735 διδάσκων,
545 2665 727 2745 τοιαύτη
766 2704 832 2742 τις
868 2691 970 2737 ἐστι,
1007 2688 1188 2734 τοιαῦτα
1226 2683 1308 2747 ράρ
1342 2689 1499 2747 ἑωρᾶτε
1527 2690 1613 2732 καὶ
