1624 2904
244 145 327 186 DE
366 141 789 187 EUTtn‘DEMo
827 140 1173 186 PLAToNts,
1317 142 1375 182 45

144 260 342 300 Absoluta
377 260 503 311 igitur
537 258 764 297 narratione
795 257 846 296 de
882 258 1085 309 colloquio
1121 258 1170 296 ab
1211 269 1257 297 se
1285 267 1377 296 cum

34 317 291 368 Euthydemo
331 319 496 368 eiusque
534 316 665 355 fratre
709 315 848 353 habito
893 315 1083 354 Socrates
1132 314 1375 354 iocabundus

34 375 193 414 scilicet
232 374 437 413 Critonem
479 386 594 413 suum
632 372 762 411 denuo
794 371 1050 419 adhortatur,
1082 375 1127 410 ut
1157 373 1246 424 ipse
1275 384 1376 423 quo-

35 445 114 484 que
144 444 189 469 se
218 431 445 470 hominibus
485 436 565 470 tam
596 430 845 481 sapientibus
876 431 914 468 in
952 428 1199 480 disciplinam
1228 429 1374 477 tradat,

32 489 350 541 quandoquidem
380 501 510 539 neque
540 488 685 526 aetatis
715 500 847 538 neque
876 488 979 525 vitae
1009 487 1113 524 ratio
1144 486 1226 524 ullo
1255 486 1375 524 modo

32 548 87 586 sit
115 545 388 598 prohibitura,
419 545 627 596 quominus
659 556 796 582 eorum
828 549 955 583 artem
986 544 1145 594 penitus
1172 543 1378 582 addiscant

32 608 75 642 et
106 604 340 655 percipiant.
396 603 454 652 At
484 614 579 640 vero
607 601 743 649 Crito,
775 606 818 639 ut
847 606 911 640 est
938 601 1108 652 simplex
1132 605 1252 651 atque
1283 613 1376 639 can-

30 661 170 709 didus,
199 661 332 699 missis
360 660 460 698 iocis
490 663 532 698 et
561 659 739 698 dicteriis
769 671 814 697 se
844 659 1016 710 ingenue
1051 658 1207 696 fatetur
1235 658 1273 695 iu
1304 669 1375 695 eo-

14 727 120 757 'rum
158 729 325 756 numero
364 716 506 755 haberi
543 717 691 762 malle,
723 717 791 767 qui
820 716 921 754 tales
952 727 1162 754 sermones
1193 720 1374 753 contem-

17 779 126 814 ·nant
155 779 198 813 et
225 778 484 822 aversentur,
514 775 696 824 adeoque
730 773 939 811 Socratem
970 773 1115 812 leniter
1144 772 1374 823 reprelien-

29 832 114 880 dit,
152 831 257 882 quod
297 844 387 870 cum
425 831 652 869 istiusmodi
690 828 1022 869 homuncionibus
1053 830 1282 867 conversari
1311 832 1373 867 at·-

29 901 107 940 que
145 888 349 927 disserere
386 901 465 927 non
503 889 673 927 dubitet.
740 887 884 926 Narrat
926 888 1028 926 enim
1069 900 1117 924 eo
1148 888 1237 937 ipso
1269 893 1372 925 tem«

28 958 152 998 pore,
183 958 261 997 qno
292 946 470 984 Socratis
501 959 588 984 cum
619 944 876 996 Euthydemo
907 950 948 982 et
980 944 1258 994 Dionysodoro
1289 943 1371 982 dis-

26 1004 186 1055 putatio
214 1003 327 1042 finita
355 1002 504 1050 fuerit,
535 1004 775 1054 scriptorem
815 1002 1012 1051 quendam
1050 1002 1273 1039 orationum
1305 1000 1371 1038 fo-

26 1061 203 1100 rensium
233 1061 310 1099 sibi
353 1061 504 1099 obviam
546 1059 700 1099 factum
729 1064 850 1110 atque
891 1060 1066 1110 graviter
1105 1063 1370 1109 conquestum

25 1130 144 1165 esse,
173 1117 279 1169 quod
309 1117 543 1169 philosophi
571 1122 651 1156 tam
682 1118 848 1155 miseras
869 1122 1036 1167 agerent
1067 1128 1189 1167 nugas
1214 1121 1257 1154 et
1278 1128 1370 1167 per—

25 1179 150 1227 petuo
191 1176 230 1213 in
267 1187 401 1213 rerum
432 1176 602 1213 inanium
637 1175 879 1212 tractatione
911 1180 1191 1213 versarentur„
1237 1174 1295 1211 Et
1323 1186 1371 1212 se

24 1232 182 1283 quidem
213 1232 269 1270 ait
316 1233 467 1270 homini
494 1234 550 1271 ita
576 1232 861 1283 respondisse,
892 1237 935 1269 ut
963 1231 1262 1282 philosophiam
1295 1230 1372 1267 de—

23 1289 119 1328 bitis
150 1291 350 1328 ornaverit
378 1289 571 1328 laudibus.
629 1289 783 1328 verum
811 1289 922 1326 illum
955 1288 1210 1326 nihilominus
1232 1288 1268 1325 in
1300 1300 1371 1325 sua

24 1347 295 1398 permansisse
325 1348 536 1394 sententia,
571 1345 753 1396 adeoque
783 1347 822 1383 in
853 1345 1063 1383 Socratem
1095 1346 1242 1382 acriter
1278 1357 1370 1383 esse

23 1403 245 1449 invectum,
286 1402 391 1452 quod
430 1404 479 1441 iis
519 1403 745 1441 hominibus
785 1403 846 1440 sui
886 1404 1040 1454 copiam
1082 1402 1260 1447 faceret,
1304 1401 1371 1452 qui

23 1472 97 1498 nec
129 1473 219 1498 suas
249 1460 427 1510 ipsorum
458 1462 677 1498 sententias
707 1461 784 1498 rite
807 1459 1107 1510 perpenderent
1131 1463 1172 1496 et
1201 1459 1369 1498 aliorum

21 1518 142 1556 verba
179 1517 513 1555 calumniarentur
554 1518 791 1555 miserrime.
862 1517 1041 1566 Denique
1087 1516 1198 1553 illum
1234 1519 1369 1553 narrat

22 1578 67 1613 et
105 1573 328 1612 universam
369 1574 665 1625 philosophiam
693 1587 779 1611 rem
810 1574 1083 1624 turpissimam
1113 1573 1367 1620 iudicavisse,

21 1634 66 1671 et
102 1630 285 1670 homines
321 1631 406 1670 eius
451 1631 655 1670 studiosos
703 1643 915 1681 saneqnam
965 1631 1107 1680 dignos
1158 1630 1364 1677 habuisse,

23 1687 164 1740 quibus
202 1687 442 1739 ignominiae
482 1697 579 1727 nota
621 1689 860 1728 inureretur.
928 1687 1071 1726 Monet
1099 1688 1223 1738 igitur
1252 1687 1367 1725 Crito

22 1746 188 1784 amicum
230 1745 440 1793 benevole,
475 1750 521 1784 nt
560 1746 599 1783 in
645 1751 850 1796 posterum
893 1745 1121 1784 istiusmodi
1160 1745 1366 1782 hominum

21 1802 349 1841 consuetudinem
392 1807 434 1841 et
471 1802 783 1841 familiaritatem
816 1803 943 1840 vitare
974 1803 1156 1849 studeat,
1196 1815 1247 1840 ne
1278 1803 1366 1852 ipsa

21 1871 182 1911 quoque
211 1859 491 1911 philosophia,
524 1872 624 1911 qnae
655 1866 768 1898 certe
798 1872 873 1910 per
902 1872 946 1898 se
987 1860 1108 1897 talem
1141 1860 1364 1910 reprehen-

21 1917 176 1955 sionem
213 1928 294 1956 non
329 1922 644 1965 commereatur,
681 1918 718 1956 in
747 1917 929 1955 invidiam
960 1916 1164 1955 hominum
1195 1923 1237 1954 et
1268 1929 1364 1955 con-

21 1976 192 2012 temtum
230 1973 460 2015 adducatur.
526 1973 604 2012 Hic
634 1987 728 2012 vero
766 1975 976 2012 Socrates:
1036 1975 1194 2024 Nempe
1222 1974 1366 2024 loque-

23 2030 101 2077 ris,
141 2031 306 2082 opinor,
346 2030 397 2068 de
435 2044 512 2069 uuo
556 2044 604 2069 ex
639 2032 715 2079 iis,
755 2033 819 2082 qni
852 2038 894 2070 et
923 2032 1209 2082 rempublicam
1241 2033 1362 2069 att-in-

23 2090 121 2138 gunt
155 2087 415 2126 mediocriter
446 2092 487 2126 et
522 2088 665 2127 leviter
713 2092 876 2139 gustant
923 2089 1232 2139 philosophiam.
1290 2088 1366 2127 Isti

22 2155 117 2182 vero
146 2144 432 2184 homunciones
466 2146 598 2185 solent
637 2147 788 2197 ingenti
822 2146 985 2196 quadam
1019 2147 1238 2195 sapientiae
1269 2147 1363 2196 opi-

23 2201 141 2239 nione
177 2202 305 2240 inflati
344 2215 458 2248 esse3
497 2215 545 2241 ex
581 2215 657 2253 quo
703 2204 859 2249 evenit,
895 2209 940 2241 ut
970 2204 1151 2241 omnibns
1182 2203 1365 2253 philoso-

24 2257 116 2308 phis
146 2259 231 2297 sine
261 2260 489 2297 discrimine
517 2259 665 2298 infensi
695 2261 775 2298 sint
847 2259 992 2298 Putant
1021 2262 1145 2308 enim,
1177 2262 1209 2297 si
1240 2273 1363 2310 quan-

27 2314 77 2351 ·lo
114 2315 161 2352 ab
199 2315 262 2355 his
298 2317 551 2368 insipientiae
589 2322 877 2368 coarguantur,
909 2330 1018 2355 suam
1050 2319 1113 2368 agi
1143 2318 1361 2355 auctorita—

24 2375 106 2410 tem
136 2375 255 2423 atque
283 2374 426 2413 bonam
458 2375 815 2422 existimationem,
845 2375 1013 2424 eiusque
1043 2376 1103 2412 rei
1133 2375 1289 2425 culpam
1321 2374 1362 2413 in

23 2425 266 2479 Euthydemi
285 2432 441 2469 scilicet
460 2431 722 2481 disciplinam,
757 2444 870 2482 quam
893 2432 1075 2470 omnibus
1107 2431 1362 2481 philosophis

21 2495 267 2526 communem
301 2501 394 2526 esse
430 2489 589 2534 volunt,
626 2490 815 2527 conferre
844 2501 922 2526 non
951 2489 1146 2527 dubitant.
1207 2487 1361 2528 Verum

23 2541 263 2593 ignoscenda
300 2546 348 2583 iis
387 2545 487 2583 haec
525 2546 667 2583 iniuria
703 2550 790 2593 est,
830 2558 948 2597 quum
980 2551 1022 2584 et
1051 2547 1146 2584 viris
1178 2546 1360 2585 civilibus

25 2599 103 2638 sint
134 2600 349 2640 inferiores
380 2614 454 2641 nec
485 2602 536 2640 de
566 2608 653 2640 tota
682 2615 799 2641 causa
829 2609 944 2641 recte
967 2609 1010 2641 et
1040 2603 1263 2653 prudenter
1292 2605 1359 2641 iu-

23 2654 153 2695 dicare
195 2660 360 2709 possint.
428 2660 530 2698 Sunt
577 2660 680 2698 enim
722 2660 946 2699 semidocti.
1012 2659 1185 2698 Fatetur
1225 2665 1358 2698 tamen

23 2710 134 2752 Crito
163 2727 207 2754 se
245 2716 295 2754 de
332 2716 504 2756 filiorum
534 2729 698 2757 suorum
725 2716 963 2756 educatione
987 2729 1068 2756 non
1098 2717 1357 2755 mediocriter
