1624 2904
509 145 581 190 AD
605 143 903 192 MENONEM.
1328 145 1383 187 11

33 270 112 319 lat,
143 266 278 307 facete
304 262 537 316 urbaneque
555 261 745 302 ludantur
762 265 807 301 et
825 258 1080 310 irrideantur,
1112 257 1153 300 id
1180 258 1249 300 hic
1276 270 1382 314 quo-

35 339 115 379 que
143 321 357 364 tenendum
391 324 482 369 est,
511 320 579 360 ubi
606 320 732 358 virtus
761 330 811 357 ex
839 322 976 357 mente
1017 316 1291 370 sophistarum
1319 318 1387 358 sic

35 384 86 424 ad
134 379 342 422 scientiam
379 380 614 426 revocatur,
653 379 700 415 ut
738 374 912 426 denique
959 378 1046 413 tota
1096 374 1146 414 ad
1196 373 1390 415 utilitatis

36 439 234 493 quoddam
264 435 440 476 studium
468 434 623 473 redeat.
680 432 772 472 Hoc
800 443 897 471 vero
934 430 1085 480 Meno,
1124 432 1277 484 quippe
1322 432 1392 484 qni

36 510 126 537 cum
167 495 286 546 vulgo
323 493 448 544 sapit,
497 490 796 542 haudquaquam
836 489 1016 528 sentiens
1061 492 1105 528 et
1142 487 1393 528 animadver-

35 559 127 594 tens
175 551 297 590 facile
335 546 522 588 concedit
580 548 708 587 bonos
770 558 850 586 non
895 549 1062 596 natura,
1111 545 1185 585 sed
1227 546 1393 586 institu-

38 612 150 652 tione
177 621 223 647 ac
254 606 460 658 disciplina
478 605 590 647 fieri,
608 601 651 657 *)
1147 632 1151 635 ,

155 665 308 706 Verum
340 663 442 701 enim
474 674 570 700 vero
600 661 707 712 quod
747 661 805 700 sic
834 660 1016 713 captiosa
1042 659 1393 713 argumentatione

38 724 90 763 de
117 721 277 762 virtutis
308 719 442 758 indole
471 723 536 758 est
567 719 780 768 effectum,
809 718 851 756 id
881 719 1064 770 quoniam
1093 718 1212 756 unice
1240 716 1290 756 ad
1319 728 1394 756 so-

38 781 262 834 phistarum
291 776 489 815 alumnum
519 777 706 815 suaviter
733 776 952 828 iocoseque
981 774 1243 814 deridendum
1261 773 1393 826 perti·-

37 841 131 886 net,
172 834 362 874 Socrates
396 845 500 872 nuuc
548 837 699 872 mutata
736 836 873 871 mente
908 845 954 871 se
991 833 1109 872 istius
1149 831 1299 871 inventi
1329 830 1395 871 sui

40 893 256 949 poenitere
292 890 468 939 fatetur,
516 890 711 942 siquidem
747 902 942 941 nusquam
970 890 1228 942 reperiantur
1254 887 1392 927 idonei

40 950 201 991 virtutis
230 948 423 999 magistri.
502 946 771 998 Posteaquam
806 947 931 998 igitur
967 946 1288 986 demonstratum
1326 948 1394 984 est

42 1007 246 1060 sophistas
285 1016 511 1054 eorumque
548 1008 776 1044 sectatores
804 1017 827 1042 a
855 1004 949 1043 boni
986 1003 1230 1054 honestique
1259 1002 1393 1042 scien-

42 1066 100 1106 tia
138 1062 373 1114 longissime
423 1062 569 1100 abesse
618 1063 751 1113 neque
787 1065 1054 1113 perspectum
1088 1061 1263 1109 habere,
1311 1070 1393 1111 quo

42 1120 162 1163 modo
202 1132 250 1158 ea
287 1122 571 1170 comparetur,
610 1117 800 1157 Socrates
837 1118 888 1157 ad
915 1119 1106 1157 virtutem
1134 1118 1289 1156 civilem
1320 1128 1394 1154 eo-

44 1191 132 1219 rum
169 1175 499 1215 considerandam
535 1175 817 1227 progreditur,
869 1175 937 1227 qui
970 1176 1011 1215 in
1048 1174 1258 1227 republica
1295 1173 1395 1212 clari

45 1234 298 1275 habebantur
327 1236 370 1271 et
404 1244 571 1284 quorum
602 1232 797 1283 exemplis
826 1231 876 1271 ad
897 1233 1089 1272 virtutem
1113 1232 1279 1284 egregie
1297 1241 1397 1282 pro·-

46 1291 116 1333 fici
143 1303 265 1343 posse
294 1288 415 1328 multi
443 1289 519 1327 sibi
549 1292 846 1340 persuaserant.

158 1347 317 1397 Nempe
351 1345 430 1384 hoc
459 1345 630 1384 alterum
659 1350 746 1394 est,
776 1345 882 1397 quod
909 1344 1120 1385 Platonem
1148 1348 1267 1385 antea
1295 1343 1395 1383 vidi-2

47 1414 139 1445 mus
177 1404 220 1442 iu
256 1403 340 1441 hoc
378 1402 482 1441 libro
524 1402 736 1441 scribendo
765 1403 1020 1455 propositum
1047 1403 1250 1456 habuisse:
1307 1400 1396 1441 Nec

48 1474 145 1501 vero
175 1459 254 1499 dici
286 1462 450 1511 potest,
480 1471 597 1509 quam
626 1460 832 1511 sapienter
849 1459 1118 1511 philosophus
1146 1460 1187 1498 in
1215 1462 1396 1498 tractan-

49 1518 103 1558 do
141 1517 221 1556 hoc
265 1520 502 1567 argumento
539 1521 723 1555 versatus
762 1517 838 1565 sit,
882 1517 1079 1567 siquidem
1119 1517 1238 1555 simul
1274 1516 1396 1554 etiam

50 1587 190 1614 causas
234 1574 415 1625 aperuit,
454 1573 594 1624 quibus
635 1574 811 1625 permoti
845 1574 920 1612 viri
958 1574 1094 1613 civiles
1131 1573 1398 1625 inprimisque

49 1633 208 1683 Anytus
253 1631 461 1669 Socratem
495 1631 691 1669 acerrimo
730 1630 822 1668 odio
862 1632 1100 1683 persequuti
1130 1631 1223 1669 sint.
1279 1628 1400 1669 Fecit

54 1690 158 1728 enim
205 1687 381 1738 Anytum
418 1686 612 1736 Menoni,
660 1687 815 1739 hospiti
866 1700 962 1736 suo,
1008 1687 1280 1727 assidentem:
1330 1685 1399 1738 qui

54 1759 174 1799 quum
206 1745 334 1783 adhuc
356 1745 530 1796 superbe
548 1745 695 1784 tacitus
724 1745 907 1784 affuisset
928 1744 1206 1797 noluissetque
1235 1756 1281 1783 se
1310 1756 1402 1783 ser·

55 1803 164 1843 moni
189 1802 443 1851 immiscere,
472 1814 575 1840 nuuc
603 1806 776 1853 repente
807 1814 830 1840 a
859 1801 1028 1841 Socrate
1064 1801 1330 1854 compellatus
1359 1800 1402 1839 iu

59 1859 251 1910 colloquii
289 1859 527 1897 societatem
564 1864 743 1901 vocatur.
808 1859 1024 1898 Enimvero
1067 1860 1102 1898 is
1144 1870 1322 1898 summos
1359 1857 1402 1896 in

0 1948 1 1955 ,
61 1916 225 1955 civitate
252 1916 507 1966 magistratus
537 1920 721 1966 gesserat
747 1916 1000 1967 florebatque
1029 1930 1171 1968 magna
1207 1915 1313 1967 apud
1345 1914 1404 1953 ci-

61 1985 133 2011 ves
164 1983 258 2011 suos
287 1972 416 2023 gratia
447 1976 489 2010 et
517 1973 768 2012 auctoritate.
789 1970 855 2026 **)
912 1973 1031 2012 Hunc
1058 1974 1183 2025 igitur
1211 1973 1405 2011 Socrates

0 2042 5 2067 ¹*
62 2030 310 2080 interrogat,
350 2041 398 2067 an
426 2029 505 2079 ipsi
532 2029 737 2068 videantur
775 2029 985 2081 sophistae
1026 2044 1102 2082 pro
1130 2031 1292 2069 virtutis
1320 2040 1407 2067 ma-

3 2117 7 2135 ³
65 2087 205 2138 gistris
246 2085 389 2124 haberi
424 2097 561 2136 posse.
619 2086 708 2136 Cui,
733 2086 805 2126 ille
833 2087 890 2126 ita
917 2088 1162 2139 respondet,
1190 2090 1237 2126 ut
1264 2084 1406 2137 sophi-

2 2164 6 2189 <
66 2148 149 2183 stas
176 2147 363 2193 tanquam
392 2140 574 2182 homines
601 2156 769 2195 nequam
797 2147 918 2195 atque
948 2144 1126 2184 nefarios
1155 2144 1407 2195 ingeniorum

6 2199 7 2251 j
68 2204 330 2251 corruptores
360 2203 615 2249 exsecretur,
663 2213 934 2252 summamque
970 2202 1089 2240 animi
1130 2200 1276 2253 prodat
1311 2211 1409 2238 con-

6 2274 7 2282 2
68 2258 307 2296 temtionem
335 2255 475 2294 talium
505 2256 826 2306 meditationum,
867 2258 1009 2309 quibus
1054 2258 1115 2297 illi
1143 2259 1260 2298 unice
1290 2256 1410 2295 dele-

0 2323 10 2367 'J
71 2314 290 2355 etabantur.
349 2312 516 2352 Scilicet
545 2314 612 2365 qui
639 2327 725 2354 rem
752 2315 948 2366 publicam
978 2316 1219 2364 tractabant,
1246 2314 1292 2353 hi
1318 2313 1411 2351 fere

2 2395 4 2400 ν
71 2370 197 2410 videri
223 2370 409 2409 volebant
437 2371 485 2408 ab
516 2371 711 2410 eiusmodi
737 2372 852 2424 nugis
880 2371 1001 2412 alieni
1037 2385 1131 2412 esse
1167 2376 1290 2423 atque
1320 2382 1412 2421 gra-

3 2447 13 2462 u
72 2427 247 2466 vioribus
276 2427 462 2478 occupati
490 2429 688 2478 negotiis:
719 2427 771 2467 de
799 2442 875 2481 qua
902 2442 950 2468 re
979 2429 1146 2468 diximus
1163 2430 1203 2469 in
1222 2427 1413 2477 Prolegg.

75 2483 126 2523 ad
152 2483 399 2535 Euthydem.
456 2496 498 2537 p.
526 2484 596 2528 61.
653 2485 710 2526 Et
734 2485 853 2539 plane
881 2487 942 2527 sic
971 2487 1161 2528 Callicles
1194 2487 1235 2527 iu
1263 2484 1417 2536 Gorgia

170 2670 208 2712 ¹¹¹)
233 2672 269 2704 Ρ.
292 2674 347 2704 89.
372 2674 410 2704 B.

146 2715 204 2756 ΜΕ)
228 2719 270 2749 V.
296 2727 329 2757 p.
354 2720 412 2752 90.
437 2721 475 2751 Α.
501 2722 539 2752 Β.
564 2723 604 2754 C.

135 2784 225 2816 Plat.
251 2787 338 2824 Opp-
362 2786 438 2819 Vol.
466 2789 520 2820 VI.
546 2789 637 2825 Sect.
664 2791 711 2825 n.
1128 2788 1159 2831 2
