1624 2904
0 0 8 164 Ξ
162 140 164 142 ,
451 100 531 144 An
565 96 910 143 THEAGEM.
1264 99 1352 142 21⁷

1 215 247 263 Fetinuisset.
315 217 374 257 Ex
415 217 614 268 Apologia
641 219 774 255 autem
804 213 994 254 discimus
1009 225 1116 253 --eum
1144 216 1239 253 ante
1267 211 1346 252 So-

0 227 118 330 }ratis
157 278 314 316 obitum
357 278 610 326 praematura
648 279 782 312 morte
811 271 1056 314 decessisse.
1112 270 1194 309 Hic
1219 271 1344 322 igitur

0 333 30 378 {sn
61 337 140 376 hoc
167 345 355 375 sermone
384 332 584 371 inducitur
610 328 935 369 adolescentulus
964 328 1190 380 sapientiae
1216 328 1342 378 illius,

0 371 106 433 fuam
136 392 357 443 Sopliistae
387 388 619 436 tradebant,
658 387 962 439 cupidissimus,
991 387 1050 425 ita
1076 390 1124 426 ut
1152 386 1260 438 patri
1287 385 1342 426 de

3 452 65 498 ulii
93 449 224 491 salute
260 448 428 487 maxime
464 445 639 485 sollicito
676 457 754 483 non
794 444 977 495 exiguam
1007 443 1176 483 afferret
1203 456 1342 484 curam

4 499 36 548 {t
78 506 412 552 sollicitudiuem,
441 503 591 555 quippe
621 502 688 553 qui
718 502 906 541 novitiam
934 501 1054 540 istam
1085 501 1339 553 sapientiam,

4 575 108 625 guam
144 564 422 602 adolescentes
457 560 577 611 vulgo
617 559 799 599 studiose
829 562 1094 609 expeterent,
1123 557 1339 598 admodum

4 626 223 689 &aspectam
241 620 424 658 haberet.
478 617 748 656 Nihilominus
777 620 895 669 pater
922 616 1114 668 precibus
1132 615 1207 654 filii
1236 627 1339 654 con-

4 679 138 739 gedens
181 677 338 717 taudem
376 674 606 714 faciendum
635 674 802 723 statuit,
835 677 881 712 ut
909 685 1000 713 eum
1030 673 1079 711 ad
1107 673 1237 713 virum
1263 672 1339 711 ali-

4 730 896 840 ³551?„3²:332ssstffssssssfzffioqssstie‘iffi‘
911 730 1244 839 iffffiqffia
1259 728 1340 826 Su?-

0 850 134 891 sinuit.
200 848 467 899 Posteaquam
507 847 612 885 enim
651 845 831 885 ostendit
878 844 1002 884 facile
1050 857 1144 884 esse
1183 843 1339 883 liberos

0 919 232 954 ⁸roci-care,
261 904 430 944 difficile
460 903 626 942 eosdem
655 902 829 942 educare
858 906 902 942 et
928 902 1168 951 instituere,
1208 900 1339 940 filium

6 977 105 1018 *uum
143 962 256 1002 valde
295 966 439 1014 optare
473 964 632 1008 narrat,
661 964 706 1000 ut
734 971 848 999 more
878 962 921 998 et
950 959 1136 1012 exemplo
1165 957 1337 998 aliorum

0 985 303 1060 'pdolescentium
332 1013 477 1072 σοφὸς
505 1017 657 1056 evadat.
715 1017 832 1068 Quod
861 1017 1071 1056 consilium
1112 1026 1338 1067 quanquam

5 1067 30 1118 ¹:i
60 1078 329 1130 periculosum
359 1075 542 1123 videtur,
570 1080 705 1113 tamen
734 1087 829 1116 sese
856 1074 1047 1125 precibus
1087 1072 1206 1112 filioli
1234 1071 1340 1111 fati-

0 1089 124 1179 iatum
150 1147 252 1174 nunc
282 1133 543 1172 constituisse
574 1131 741 1180 fatetur,
770 1135 815 1171 ut
844 1143 935 1170 eum
965 1129 1185 1182 Sophistae
1219 1127 1342 1169 alicui

0 1181 30 1242 ab
59 1191 309 1243 disciplinam
335 1189 481 1228 tradat.
539 1189 628 1239 Qua
655 1189 695 1227 in
723 1201 770 1227 re
799 1187 1010 1227 Socratem
1039 1190 1159 1241 rogat
1190 1190 1237 1227 ut
1259 1185 1340 1227 sibi

4 1244 159 1302 lonsilio
189 1261 260 1288 sua
287 1246 433 1286 adesse
461 1245 570 1287 velit.
598 1244 646 1286 P.
679 1245 759 1285 121
795 1268 845 1275 —
876 1244 972 1285 122.
1002 1244 1053 1287 A.

5 1305 13 1332 ι

6 1348 12 1368 '
102 1360 183 1400 Hic
210 1372 307 1398 vero
335 1363 428 1398 ante
458 1359 588 1398 omnia
616 1361 902 1411 percontatur,
939 1357 1034 1410 quid
1064 1357 1118 1397 sit
1144 1355 1260 1406 illud,
1288 1350 1343 1397 de

6 1421 72 1470 fluo
102 1417 310 1457 consilium
341 1416 577 1468 capiendum
607 1417 672 1456 sit.
729 1415 870 1467 Itaque
899 1417 1071 1467 primum
1089 1415 1205 1466 pueri
1223 1426 1344 1453 men-

6 1469 79 1532 !em
109 1481 152 1514 et
180 1475 421 1514 seutentiam
451 1473 734 1526 explorandam
767 1477 923 1521 censet,
955 1484 1034 1524 quo
1063 1473 1190 1524 magis
1217 1470 1341 1510 intel-

6 1533 162 1584 igatur,
192 1531 284 1583 quid
315 1531 473 1570 tandem
504 1531 578 1578 sit,
608 1529 714 1581 quod
743 1530 778 1568 is
818 1533 900 1568 tam
931 1530 1114 1568 studiose
1142 1532 1342 1581 expeten-

6 1587 87 1641 ium
118 1589 351 1629 arbitretur.
421 1587 623 1627 Conversa
661 1587 787 1639 igitur
815 1586 865 1625 ad
894 1587 1104 1638 Theagem
1133 1587 1340 1626 oratione:

5 1646 143 1698 lb'upis,
179 1657 203 1684 o
243 1646 372 1692 bone,
410 1644 561 1696 inquit,
604 1645 766 1695 sapiens
803 1643 895 1682 fieri
923 1648 1044 1696 atque
1071 1643 1178 1682 tradi
1203 1644 1245 1682 in
1275 1655 1341 1682 sa·

5 1685 170 1756 bientiae
205 1701 470 1754 disciplinam.
538 1702 621 1741 lam
659 1712 756 1740 vero
800 1701 1007 1752 sapientes
1063 1700 1342 1741 existimantur

5 1761 218 1812 Quicunque
255 1759 421 1798 alicuius
458 1759 520 1797 rei
567 1758 691 1810 periti
738 1762 844 1799 sunt.
910 1758 1034 1809 Atqui
1079 1762 1198 1813 pater
1242 1761 1340 1797 tuus

6 1819 117 1869 fluum
153 1821 198 1856 te
235 1817 386 1854 artibus
423 1815 655 1855 liberalibus
694 1815 900 1862 omuibus,
938 1816 1080 1867 quibus
1119 1826 1342 1866 puerorum

7 1874 116 1928 ,inimi
153 1877 196 1912 et
230 1872 388 1923 ingenia
422 1872 668 1914 conformari
706 1872 864 1919 solent,
901 1872 1191 1913 instituendum
1224 1884 1343 1911 cura-

7 1931 124 1986 (erit,
161 1930 360 1969 incertum
396 1933 486 1977 est,
523 1941 716 1980 quaenam
754 1929 808 1967 sit
846 1941 895 1966 ea
932 1942 998 1968 ars
1038 1942 1084 1968 ac
1115 1929 1341 1980 disciplina,

6 1989 114 2042 'euius
150 1986 374 2038 cupiditate
408 1985 509 2024 adeo
545 1990 687 2036 captus
724 1986 890 2026 teneris.
949 1986 1091 2036 Itaque
1122 1990 1238 2026 certo
1268 1985 1343 2024 ali·
1404 1976 1415 2018 “.

8 2055 81 2084 *uo
123 2044 283 2083 nomine
318 2055 365 2081 ea
409 2042 660 2093 insignienda
697 2047 781 2091 est,
830 2043 1162 2093 quemadmodum
1210 2047 1342 2084 artem

7 2059 121 2160 gaves
149 2099 419 2152 gubernandi,
450 2099 645 2148 vehendi,
673 2099 784 2145 alias,
816 2113 889 2138 suo
919 2104 1040 2151 atque
1071 2100 1237 2151 proprio
1266 2111 1342 2138 no-

7 2160 108 2216 'niue
136 2158 418 2210 significamus.
475 2155 716 2208 Respondet
743 2157 932 2209 Theages
953 2170 1039 2197 eam
1070 2170 1146 2196 una
1175 2157 1341 2198 scien-

8 2217 77 2255 >ia
116 2215 312 2255 contineri
348 2214 521 2265 ideoque
562 2214 651 2253 solo
689 2213 768 2252 hoc
815 2216 976 2254 nomine
1024 2215 1156 2254 notari
1203 2227 1342 2267 posse.

7 2246 81 2376 {lui
107 2272 320 2311 Socrates:
376 2272 432 2311 At
460 2283 556 2309 vero
584 2271 704 2309 etiam
733 2271 904 2311 vehendi
933 2277 977 2311 et
1002 2272 1250 2324 gubernandi
1278 2284 1345 2310 ar-

14 2340 69 2370 ‘es
106 2330 359 2369 continentur
402 2329 592 2377 scientia,
653 2340 817 2379 quarum
861 2329 991 2369 altera
1026 2342 1169 2378 naves,
1216 2329 1347 2369 altera

8 2383 188 2451 {vehicula
256 2385 424 2436 regendi
491 2385 674 2424 sollertia
739 2386 969 2428 absolvitur.
1059 2386 1166 2437 Quid
1220 2387 1346 2439 igitur

9 2446 97 2491 ⁸est..
151 2443 200 2486 ad
258 2442 363 2495 quod
419 2441 637 2493 regendum
697 2444 740 2481 et
795 2443 1092 2495 gubernandum
1146 2447 1216 2482 tua
1266 2444 1347 2482 ista

9 2493 177 2564 [scientia
202 2499 414 2540 refertur‘}
470 2499 549 2538 Hic
578 2510 674 2537 vero
703 2500 896 2551 puerulus
935 2502 992 2542 ita
1033 2500 1272 2552 respondet,
1300 2503 1349 2538 ut

53 2555 154 2594 alam
195 2558 339 2597 mentis
378 2557 660 2605 ambitionem,
698 2569 775 2607 qua
803 2557 945 2598 ductus
974 2559 1211 2610 sapientiam
1240 2556 1350 2595 scili·-

9 2616 84 2675 ›ecet
112 2614 339 2664 expetebat,
364 2614 513 2666 prodat
531 2614 630 2653 satis
659 2617 813 2665 aperte.
869 2616 1084 2655 Pertinere
1113 2616 1219 2653 enim
1243 2613 1352 2651 illam

10 2670 226 2733 bscientiam
253 2671 310 2711 ait
336 2671 387 2710 ad
414 2671 627 2719 homines,
656 2672 725 2723 qui
752 2671 792 2711 in
819 2674 985 2714 civitate
1011 2673 1170 2722 vivunt,
1206 2682 1354 2722 regen-
