1624 2904
445 128 503 172 IN
528 129 601 171 En
607 126 1013 173 THYPHRONEM.
1307 128 1394 170 145

58 247 299 289 criticiornm
339 244 468 297 epulis
495 244 669 296 spoliati.
727 242 904 282 Deorum
936 247 1070 283 autem
1099 241 1325 283 discordiae
1354 246 1400 283 et

60 308 170 346 rixae
198 304 285 356 quis
316 308 381 342 est
411 303 477 354 qni
505 302 662 341 dubitet
689 301 782 353 quin
811 301 947 339 multis
975 300 1077 339 adeo
1098 300 1251 340 fuerint
1270 299 1401 340 offen-

62 363 178 411 sioni,
195 368 242 400 ut
261 373 329 399 eas
351 361 438 399 sine
459 359 540 398 ullo
553 359 692 398 salutis
711 359 940 397 discrimine
958 362 1143 408 tanquam
1163 358 1293 397 inania
1313 358 1401 410 opi·-

59 420 191 463 nionis
211 422 436 457 commenta
454 417 681 468 improbare
701 416 875 454 liceret‘!
922 413 1096 454 Tantum
1119 416 1244 466 igitur
1269 416 1403 464 abest,

61 482 109 517 ut
145 476 262 515 Plato
300 475 480 514 Socratis
510 486 653 512 causae
691 473 877 511 offecerit
913 484 989 520 eo,
1035 473 1140 524 quod
1181 485 1272 511 eum
1307 473 1403 512 talia

62 535 330 574 disserentem
369 531 539 578 induxit,
577 536 621 568 ut
650 529 708 568 illi
734 530 944 581 plurimum
976 529 1180 580 profuisse
1209 530 1404 572 videatur.

62 590 210 631 Docuit
229 590 332 628 enim
362 588 577 639 velpotius
611 588 848 638 significavit
877 588 1002 625 virum
1031 587 1405 626 innocentissimum

63 649 228 688 deorum
259 646 476 698 patriorum
506 645 633 683 fnisse
662 646 859 683 cultorem
888 644 1122 695 religiosum
1143 644 1302 695 quidem
1332 643 1408 684 sed

63 705 232 745 eundem
262 704 310 741 ab
339 702 432 743 anili
462 701 589 754 plebis
621 704 912 754 superstitione
940 701 1136 749 alienum,
1176 713 1307 752 eoque
1337 714 1407 740 sa-

62 763 301 815 pientiorem
337 766 459 811 atque
500 760 754 798 sanctiorem.
813 758 930 809 Quod
969 763 1083 798 certe
1111 758 1430 799 cordatioribus

61 819 284 871 aequalium
324 829 374 856 ne
413 817 520 856 inter
557 816 759 856 Heliastas
798 816 958 868 quidem
993 829 1066 868 per
1105 828 1151 854 se
1189 816 1408 867 displicere

59 877 143 917 ullo
173 875 290 915 modo
321 875 463 926 potuit,
522 875 651 925 Quum
678 885 775 913 vero
804 874 905 913 haec
921 873 1021 912 nihil
1040 872 1271 924 impediant,
1302 885 1409 924 quo-

59 935 189 975 minus
217 931 549 983 Enthyphronem
580 944 651 980 eo,
681 943 758 983 quo
785 931 968 979 diximus,
997 935 1183 982 tempore
1212 931 1408 981 scriptum

64 1003 158 1032 esse
196 996 438 1037 statuamus,
476 994 560 1028 tum
598 989 721 1028 multa
758 993 874 1037 sunt,
914 1000 1015 1038 quae
1050 994 1094 1027 ut
1119 1000 1205 1026 eam
1236 994 1408 1027 senten-

62 1051 159 1090 tiam
200 1047 486 1100 amplectamur
524 1046 787 1085 vehementer
817 1046 1011 1085 suadeant
1038 1059 1084 1084 ac
1114 1045 1408 1097 propemodum

64 1109 223 1158 cogant.
293 1103 393 1153 Nam
431 1104 602 1155 primum
638 1104 798 1154 quidem
836 1104 891 1141 ita
932 1104 1188 1154 perspicuum
1220 1107 1308 1151 est,
1339 1102 1408 1152 qui

62 1164 149 1211 fiat,
178 1166 224 1201 ut
252 1174 327 1214 per
360 1166 485 1199 totum
516 1161 607 1199 fere
627 1172 852 1199 sermonem
882 1166 1027 1212 regnet
1058 1164 1248 1212 proterva
1278 1172 1409 1210 quae-

63 1221 154 1260 dam
184 1223 252 1257 aut
281 1222 396 1256 certe
432 1231 575 1256 secura
602 1218 781 1256 hilaritas
812 1217 1041 1268 multusque
1076 1218 1193 1268 lepos
1223 1218 1271 1255 ab
1303 1216 1410 1255 omni

65 1277 199 1317 tristis
251 1275 417 1314 alicuius
457 1287 572 1313 casus
613 1275 910 1326 praesagitione
950 1274 1015 1312 vel
1044 1274 1277 1325 suspicione
1305 1274 1410 1312 alie-

66 1347 154 1375 nus.
223 1332 436 1370 Enimvero
477 1332 557 1370 etsi
584 1332 832 1370 -truculenta
879 1336 1156 1370 accusatorum
1206 1332 1411 1370 conamina

69 1390 291 1442 discipulos
320 1388 500 1427 Socratis
530 1388 832 1439 haudquaquam
864 1388 1068 1428 latuerunt
1096 1387 1278 1438 adeoque
1318 1388 1412 1427 Pla·

69 1453 208 1488 tonem
247 1449 571 1494 commoverunt,
611 1451 659 1485 ut
697 1458 747 1485 eo
785 1450 969 1497 tempore
1006 1446 1279 1497 compluribus
1309 1446 1412 1484 scri-

68 1506 150 1556 ptis
194 1503 373 1555 magistri
408 1515 566 1542 cansam
606 1502 899 1542 defendendam
940 1504 1186 1554 susciperet,
1224 1503 1266 1542 id
1304 1501 1413 1555 quod

68 1563 177 1602 inter
213 1561 289 1599 alia
329 1559 507 1599 Menone
547 1564 589 1599 et
634 1560 890 1612 Euthydemo
939 1561 988 1600 ab
1039 1573 1089 1599 eo
1128 1560 1281 1599 factum
1319 1573 1414 1599 esse

69 1620 270 1664 novimns3
299 1621 434 1656 tamen
464 1617 660 1668 principio
690 1618 848 1668 quidem
878 1629 955 1657 non
985 1618 1171 1657 videntur
1210 1631 1301 1657 eum
1329 1630 1417 1657 me-

71 1677 201 1716 tuisse
238 1675 321 1714 litis
360 1675 530 1721 exitum,
571 1676 639 1724 qui
668 1680 812 1726 postea
840 1676 1036 1726 temporis
1065 1687 1138 1726 pro
1169 1674 1286 1714 dolor
1314 1688 1416 1715 con-

70 1738 237 1772 secutus
270 1735 347 1770 est.
404 1731 520 1781 Quod
548 1743 601 1769 ne
629 1732 694 1770 cui
722 1733 867 1770 mirum
896 1733 1073 1780 accidat,
1108 1733 1316 1771 recordari
1345 1733 1416 1772 de-

73 1790 216 1830 bemus
253 1801 416 1837 eorum,
456 1800 559 1838 quae
599 1787 790 1828 Socrates
820 1790 908 1841 ipse
939 1790 979 1828 in
1007 1790 1204 1841 Apologia
1236 1789 1417 1830 Socratis

74 1857 109 1885 a.
138 1846 207 1885 36.
245 1846 294 1886 A.
331 1857 467 1884 coram
495 1845 690 1885 iudicibns
720 1846 841 1895 dicit,
878 1858 957 1897 quo
986 1847 1076 1886 loco
1107 1859 1153 1886 se
1182 1848 1319 1886 mirari
1348 1848 1420 1897 ait,

75 1901 183 1953 quod
219 1911 407 1941 numerus
446 1902 727 1954 suffragiorum
767 1903 1106 1944 damnatoriorum
1150 1908 1232 1943 tam
1278 1917 1420 1955 parum

78 1959 241 2000 differat
268 1971 292 1996 a
321 1960 531 1997 sententiis
560 1960 832 1999 absolutoriis.
891 1961 1088 2011 Quocirca
1122 1963 1244 2000 etiam
1272 1961 1421 2000 Plato-

79 2029 173 2057 nem
201 2019 383 2067 putamus
412 2016 637 2054 certissime
667 2017 892 2068 speravisse
920 2017 1098 2057 futurum
1130 2031 1236 2067 esse,
1265 2023 1310 2057 ut
1338 2019 1421 2057 So·-

81 2073 204 2114 cratis
243 2085 360 2112 causa
399 2073 690 2124 triumpharet,
731 2086 860 2124 eaque
905 2087 998 2126 spes
1036 2077 1162 2126 ipsius
1204 2081 1319 2114 tanto
1349 2076 1422 2115 iir-

82 2132 186 2171 mior
225 2141 318 2168 esse
353 2129 514 2177 debuit,
556 2142 634 2180 quo
662 2131 752 2182 plus
779 2132 868 2182 ipse
898 2131 1131 2183 disciplinae
1159 2133 1231 2171 viri
1261 2145 1307 2171 ac
1337 2134 1423 2171 vir-

82 2188 162 2228 tuti
200 2187 410 2227 tribueret.
478 2187 595 2236 Quod
632 2188 667 2226 si
707 2189 763 2228 ita
792 2188 895 2238 fuit,
935 2188 1059 2229 facile
1098 2194 1162 2228 est
1189 2189 1240 2228 ad
1267 2191 1424 2229 intelli-

82 2243 279 2297 gendum,
318 2243 386 2293 qui
420 2243 510 2282 fieri
548 2245 749 2294 potuerit,
787 2250 834 2285 ut
872 2257 923 2284 eo
955 2247 1045 2298 ipso
1085 2251 1292 2299 tempore,
1344 2259 1424 2298 quo

83 2313 227 2341 nomen
264 2301 447 2352 magistri
487 2300 664 2341 delatum
706 2305 814 2352 erat,
856 2315 1016 2343 causam
1057 2305 1144 2343 eius
1194 2304 1342 2344 festive
1381 2309 1426 2344 et

85 2357 270 2398 hilariter
298 2356 491 2409 agendam
521 2371 613 2397 esse
642 2358 719 2397 sibi
747 2360 1024 2411 persuaderet.
1080 2360 1165 2400 Sed
1196 2362 1273 2400 alia
1303 2363 1426 2400 etiam

87 2427 206 2453 causa
235 2417 318 2463 est,
351 2427 423 2453 cur
452 2414 784 2466 Euthyphronem
813 2428 893 2456 non
934 2418 993 2457 ita
1020 2419 1148 2458 multo
1177 2423 1272 2470 post
1299 2419 1426 2458 nomi-

88 2473 149 2510 nis
178 2471 418 2510 delationem
444 2471 634 2523 scriptum
663 2477 864 2523 putemus.
920 2475 1026 2526 Quid
1064 2477 1198 2515 enim?
1236 2488 1309 2514 cur
1338 2480 1427 2514 tan-

90 2528 181 2566 dem
219 2529 333 2566 uniu‘s
370 2527 517 2567 Meleti
552 2529 728 2569 iniicitur
751 2530 925 2580 mentio,
966 2532 1034 2582 qni
1063 2532 1142 2571 fuit
1170 2533 1276 2571 inter
1304 2545 1428 2571 accu-

90 2591 245 2623 satores
281 2585 625 2636 ignobilissimus‘i
693 2587 908 2626 Enimvero
945 2589 995 2628 fit
1033 2588 1114 2628 hoc
1153 2594 1293 2640 aperte
1332 2601 1429 2627 con-

90 2645 239 2680 temtus
283 2642 532 2693 significandi
571 2642 712 2694 gratia.
776 2642 991 2685 Reticetur
1029 2647 1153 2697 Anyti
1183 2651 1225 2684 et
1255 2645 1429 2695 Lyconis

89 2709 256 2746 nomem
291 2709 390 2738 unus
432 2698 616 2741 Meletus
653 2705 900 2742 memoratur
926 2706 1050 2754 atque
1086 2707 1134 2743 ut
1161 2702 1354 2742 imberbis
1382 2713 1430 2741 ac
