1624 2904
275 151 330 192 14
650 216 651 219 Ἰ
729 149 1135 195 olsPU'rA'rm

265 276 354 304 sum
381 267 561 316 spectet,
588 266 671 304 tum
700 263 857 304 demum
886 266 1090 306 evidenter
1115 267 1338 319 apparebit,
1367 278 1485 319 quum
1512 280 1577 308 ac-

265 322 438 360 curatius
465 321 590 360 fuerit
623 321 868 371 exploratum
897 322 991 371 quid
1017 323 1254 374 philosopho
1282 325 1322 363 in
1349 324 1427 362 hoc
1456 336 1578 375 opere

264 377 473 416 scribendo
526 378 771 428 propositum
809 377 945 416 fuerit.
1002 377 1063 417 De
1102 391 1176 428 qua
1212 393 1258 418 re
1293 380 1370 418 dici
1398 392 1476 418 non
1503 392 1576 431 po-

263 436 347 471 test
379 437 522 482 quanta
560 444 687 482 usque
716 433 764 471 ad
794 433 898 472 hune
926 433 1030 473 diem
1058 435 1229 475 virorum
1258 435 1575 476 doctissimorum

263 489 316 527 sit
343 488 538 528 dissensio
566 492 685 545 atque
713 490 994 532 controversia.

371 576 427 616 Et
453 577 623 627 vulgaris
654 578 809 628 quidem
841 577 933 616 olim
961 578 1062 617 haec
1091 577 1169 616 suit
1201 577 1406 616 doctorum
1444 577 1587 634 homi--

261 642 353 670 num
398 633 448 671 de
484 633 562 671 hoc
598 633 700 672 libro
739 635 956 681 sententia,
990 638 1035 672 ut
1062 633 1265 672 Platonem
1305 634 1575 673 existimarent

259 686 301 725 id
329 689 461 738 egisse
490 690 752 740 potissimum,
780 693 825 728 nt
851 688 986 728 inanes
1015 689 1282 739 sophistarum
1310 690 1486 739 argutiae
1513 693 1574 728 at-

261 755 338 794 que
375 744 537 784 fraudes
588 746 751 796 copiosa
791 745 1058 796 exemplorum
1089 745 1382 783 enumeratione
1410 745 1573 784 demon-

260 801 494 842 strarentur.
560 802 614 841 At
659 802 761 839 enim
797 813 893 839 vero
934 801 1011 839 hoc
1038 813 1156 838 unum
1184 801 1218 839 si
1245 799 1400 838 Platoni
1427 800 1572 839 fuisset

259 857 509 906 propositum
554 870 682 907 neque
719 857 823 895 aliud
845 857 1073 906 investigari
1102 860 1242 907 posset
1268 856 1359 894 libri
1386 857 1571 907 proposi-

257 915 368 958 tum3
414 924 485 950 nos
532 913 712 964 quidem·
744 913 927 951 lubenter
978 913 1152 950 fatemur
1201 923 1431 950 assensuros
1478 924 1570 950 esse

257 965 536 1006 Friderico
576 969 752 1017 Astio,
790 970 874 1006 viro
913 969 1153 1014 clarissimo,
1188 971 1318 1006 totum
1349 979 1448 1018 opus
1476 967 1568 1006 l'la-

256 1023 360 1061 tonis
389 1025 545 1074 ingenio
576 1028 618 1062 et
646 1029 731 1062 arte
759 1025 958 1075 indignum
986 1023 1183 1064 iudicanti.
1239 1023 1339 1061 Nam
1363 1028 1407 1060 ut
1435 1027 1568 1062 tacea-

255 1091 342 1127 mus
371 1079 486 1118 istam
523 1081 767 1130 spinosarum
810 1080 1211 1118 conclusiuncularum
1240 1079 1466 1129 congeriem
1495 1092 1568 1129 per

255 1147 300 1173 se
326 1135 373 1172 ad
405 1137 589 1174 eristicae
618 1137 732 1174 istius
761 1137 836 1174 vim
866 1140 1121 1186 naturamque
1153 1135 1423 1173 illustrandam
1460 1135 1566 1172 iudi-

256 1190 495 1242 candamque
531 1205 669 1243 parum
707 1193 897 1230 momenti
933 1192 1092 1238 facere,
1140 1195 1253 1229 certe
1290 1190 1398 1228 nullo
1447 1191 1564 1228 modo
1600 1215 1604 1218 .

254 1246 515 1297 intelligitur,
555 1261 631 1298 quo
667 1249 821 1286 *inculo
859 1248 1035 1298 singulae
1071 1247 1161 1285 libri
1198 1250 1333 1297 paites
1372 1246 1476 1284 inter
1519 1259 1566 1284 se

253 1303 544 1359 contineantur,
584 1304 779 1354 planeque
814 1303 1034 1342 redundare
1061 1303 1216 1340 ridetur
1243 1307 1445 1352 postiema
1472 1314 1564 1352 pars

254 1349 420 1410 dialogi,
458 1360 497 1396 in
536 1373 611 1410 qua
650 1360 763 1398 Crito
801 1372 889 1398 cum
929 1359 1097 1397 Socrate
1143 1358 1308 1423 loquens
1354 1356 1563 1396 inducitur.

257 1412 336 1451 Sed
366 1427 411 1451 rc
440 1415 650 1465 diligenter
680 1415 884 1465 explorata
911 1415 1070 1460 nemini,
1100 1415 1252 1464 opinor„
1284 1413 1440 1452 dubium
1471 1425 1563 1452 esse

253 1471 418 1519 poterit,
450 1471 538 1520 quin
571 1472 635 1521 qui
663 1471 718 1508 ita
746 1470 796 1508 de
827 1471 1011 1508 universo
1041 1481 1163 1519 opere
1177 1469 1457 1515 ludicaverunt,
1486 1469 1563 1507 ali-

252 1530 438 1575 quantum
467 1539 489 1563 a
518 1531 627 1564 recta
656 1527 811 1563 ratione
838 1525 1096 1563 declinavisse
1136 1525 1350 1562 existimari
1378 1524 1561 1567 debeant.

250 1580 471 1621 verissime
500 1583 603 1620 enim
633 1581 1145 1620 Sehleiermacherus
1174 1593 1259 1618 eam
1289 1592 1443 1631 quoque
1474 1593 1561 1619 ser-

250 1638 377 1675 monis
407 1642 560 1688 partem
587 1639 627 1676 in
656 1650 818 1676 censum
847 1638 982 1676 venire
1012 1637 1254 1683 observavit,
1285 1649 1385 1686 quae
1414 1636 1561 1682 Socra-

249 1693 302 1730 tis
341 1706 427 1731 cum
467 1694 592 1731 Clinia
631 1706 852 1732 sermonem
881 1693 1161 1743 complectitur
1190 1705 1368 1742 quaeque
1397 1693 1559 1731 rationis

249 1748 477 1787 Socraticae
505 1750 678 1788 illustrat
706 1750 1001 1800 praestantiam.
1056 1749 1279 1798 Quanquam
1309 1748 1343 1786 is
1380 1748 1455 1786 hac
1484 1748 1559 1786 ob-

248 1805 471 1843 servatione
510 1818 578 1844 sua
615 1810 753 1844 nostro
792 1805 948 1856 quidem
984 1804 1128 1843 iudicio
1158 1816 1233 1841 non
1272 1805 1327 1842 ita
1354 1817 1449 1843 usus
1483 1807 1560 1852 est,

247 1861 307 1898 uti
344 1874 366 1899 a
403 1864 514 1899 tanto
551 1862 633 1899 viro
663 1861 814 1900 sactum
841 1862 979 1902 velles,
1034 1861 1128 1899 Fuit
1157 1860 1258 1897 enim
1287 1861 1346 1898 vir
1373 1861 1557 1911 egregius

245 1916 284 1954 in
315 1929 361 1954 ea
390 1919 596 1968 opinione,
634 1922 679 1955 ut
708 1930 808 1968 quae
835 1917 1099 1967 philosophus
1127 1916 1167 1954 in
1194 1916 1365 1966 Gorgia,
1395 1917 1557 1955 'rheae-

245 1976 331 2010 teto
364 1977 405 2011 et
432 1973 607 2011 Menona
636 1972 685 2011 de
711 1974 867 2011 virtutis
896 1972 1101 2023 disciplina
1129 1972 1256 2021 deque
1284 1973 1473 2011 scientiae
1491 1977 1557 2011 at-

246 2040 323 2078 que
361 2030 593 2079 cognitionis
624 2034 760 2067 natura
789 2041 989 2079 exponere
1017 2040 1130 2066 orsus
1160 2032 1289 2074 esset,
1330 2041 1376 2065 ea
1404 2029 1442 2066 in
1470 2028 1557 2066 Eu-

244 2084 432 2134 thydemo
463 2086 627 2123 ulterius
658 2085 859 2135 profligari
887 2085 1065 2134 adeoque
1093 2084 1309 2134 legentium
1329 2085 1476 2121 animos
1506 2084 1555 2122 ad

245 2141 448 2190 amplioris
478 2141 677 2178 cuiusdam
714 2145 756 2178 et
785 2141 1000 2179 subtilioris
1027 2141 1228 2178 doctrinae
1255 2139 1555 2189 explicationem

246 2196 368 2234 veluti
407 2198 633 2247 praeparari
652 2194 693 2248 *)
725 2197 978 2235 existimaret.
1033 2197 1207 2245 Quorum
1245 2196 1413 2233 omnium
1457 2196 1556 2234 nihil

244 2253 530 2302 propemodum
567 2265 663 2290 vere
702 2256 892 2303 recteque
929 2252 1118 2290 affirmari
1155 2251 1263 2290 facili
1290 2252 1451 2302 negotio
1482 2252 1552 2290 de-

244 2309 454 2346 monstrari
483 2311 628 2358 potest.
685 2308 783 2346 Nam
812 2313 858 2346 ut
887 2310 1035 2346 taceam
1064 2307 1296 2355 Menonem,
1325 2307 1365 2345 in
1394 2320 1470 2358 quo
1499 2308 1553 2346 li·-

243 2364 317 2402 bro
357 2364 460 2415 quod
495 2367 765 2415 argumentum
795 2367 1010 2411 tractatur,
1039 2363 1078 2401 id
1108 2364 1332 2414 planissime
1361 2363 1409 2400 ad
1437 2363 1553 2414 liqui-

245 2420 336 2458 dum
375 2420 627 2471 perducitur,
665 2433 738 2458 nee
772 2419 985 2470 disputatio
1022 2419 1071 2457 de
1100 2424 1233 2458 mutua
1259 2419 1480 2458 honestatis
1511 2423 1553 2457 et

243 2476 427 2514 utilitatis
465 2477 619 2514 ratione
656 2476 697 2515 in
735 2475 884 2527 Gorgia
919 2475 1064 2528 agitata
1099 2489 1173 2515 nec
1200 2476 1378 2527 quaestio
1406 2475 1475 2515 illa
1501 2476 1553 2515 de

289 2671 327 2715 ²⁶)
350 2673 391 2704 V.
414 2675 501 2715 Opp.
529 2676 612 2708 mat.
634 2675 711 2710 Vol.
735 2676 778 2708 11.
802 2675 837 2709 P.
862 2675 890 2708 Ῑ.
912 2684 945 2715 p.
969 2676 1033 2707 4⁰0
1057 2684 1130 2715 sqq.
