1624 2904
256 126 337 167 DE
376 121 814 164 EUTHYDEMO
852 119 1198 173 PLAfroNIS.
1340 123 1398 165 33

45 240 265 287 iniiciatnr,
303 242 350 278 ut
376 238 624 291 Protagorae
650 235 702 275 de
730 248 778 276 ea
809 236 1013 287 sententia
1039 236 1089 277 ad
1118 237 1294 289 ipsorum
1325 249 1392 277 so-

45 298 268 349 phistarum
296 309 476 336 normam
507 299 644 335 exacta
672 294 875 334 iudicetur
907 300 1028 344 atque
1056 294 1391 346 reprehendatur.

42 355 135 394 Hoc
171 359 306 393 autem
349 355 438 405 quis
478 357 543 392 est
582 353 649 403 qui
685 353 762 390 sibi
802 351 1047 402 persuadeat
1077 351 1289 392 Platonem
1329 354 1388 393 ita

41 412 320 451 instituturum
351 411 505 458 fuisse,
537 410 571 449 si
600 409 860 461 Euthydemo
892 414 935 448 et
963 408 1248 460 Dionysodoro
1286 410 1387 450 nihil

41 481 133 508 cum
164 469 349 521 sophista
386 467 653 524 celeberrimo
690 466 840 506 fuisset
869 467 1131 506 commercii?
1188 467 1386 508 Nimirum

0 524 2 557 ἶ
39 525 120 565 hoc
150 526 186 565 si
217 526 369 564 nullum
400 525 571 572 fuisset,
600 525 680 564 ista
711 537 806 563 sane
835 524 936 563 nihil
964 536 1132 576 prorsus
1162 524 1211 562 ad
1243 525 1385 576 sophi-

0 577 1 582 ¹
38 587 124 622 stas
163 585 429 635 pertinerent.
496 581 611 621 Nunc
650 594 746 620 vero
787 581 1070 620 sollertissima
1100 593 1190 620 cum
1219 585 1309 620 arte
1340 586 1384 622 et

37 638 287 692 Protagorae
316 639 500 678 doctrina
526 639 687 677 videtur
716 639 892 690 corripi,
923 643 966 678 et
995 638 1206 690 sophistae
1236 651 1382 690 repre-

35 697 231 737 hensione
270 698 356 735 eius
399 695 448 735 ad
488 696 740 735 subtiliorem
779 697 840 735 rei
869 696 1185 748 disputationem
1215 697 1383 735 excitari

35 759 158 806 atque
187 754 411 806 provocari,
442 753 541 792 nihil
569 758 614 792 ut
647 753 696 792 ad
725 767 861 792 rerum
890 754 1229 805 perspicuitatem
1260 757 1304 792 et
1332 753 1383 792 ad

33 812 134 851 artis
175 811 413 863 elegantiam
450 815 539 849 toto
589 811 668 850 hoc
707 811 798 849 loco
850 811 1123 852 desideretur.
1192 810 1275 849 Sed
1313 810 1379 850 his

33 868 244 920 explicatis
282 868 434 907 reverti
471 867 607 920 placet
645 867 697 908 ad
723 868 1051 922 persequendum
1083 868 1281 908 sermonis
1311 880 1380 908 or-

31 925 163 966 dinem
195 930 238 965 et
269 937 546 979 progressum.

143 1028 261 1079 Quod
313 1030 437 1081 igitur
471 1029 706 1080 speraverat
743 1024 933 1067 Socrates
980 1027 1058 1067 hac
1103 1029 1379 1082 disputatione

28 1095 100 1125 sua
129 1086 318 1125 effectum
349 1087 411 1135 iri,
441 1090 486 1125 ut
515 1085 724 1137 sophistae
754 1086 914 1124 tandem
943 1085 992 1124 ab
1021 1091 1252 1137 argutarum
1281 1100 1378 1127 con-

29 1142 364 1183 clusiuncularum
403 1143 676 1182 ostentatione
713 1140 763 1179 ad
803 1155 982 1183 severam
1021 1155 1264 1196 gravemque
1294 1144 1379 1184 dis-

31 1195 192 1240 serendi
228 1202 427 1240 rationem
468 1200 798 1248 traducerentur,
834 1200 874 1239 id
904 1203 1059 1239 tantum
1089 1202 1206 1242 abest
1234 1206 1279 1241 ut
1306 1215 1378 1240 ra-

27 1261 112 1296 tum
142 1258 227 1306 fiat,
254 1262 300 1297 ut
328 1258 403 1297 alia
434 1259 564 1297 omnia
594 1257 791 1298 eveniant.
851 1257 929 1298 Vix
959 1258 1066 1298 enim
1094 1259 1166 1297 ille
1193 1258 1377 1310 disputa-

27 1315 179 1354 tionem
216 1328 326 1354 suam
364 1315 512 1362 finivit,
557 1327 676 1365 quum
715 1313 790 1352 viri
824 1315 1001 1366 quamvis
1039 1315 1090 1353 ad
1112 1315 1376 1368 Protagorae

26 1372 211 1424 magistri
253 1376 373 1423 atque
418 1373 598 1423 ipsorum
647 1370 814 1410 decreta
852 1370 1106 1411 defendenda
1151 1374 1376 1424 provocati,

27 1433 161 1468 tamen
199 1442 336 1467 rursus
373 1441 462 1467 eum
504 1430 614 1467 novis
657 1429 824 1480 argutiis
852 1428 1099 1469 adoriuntur.
1155 1430 1258 1470 Nam
1286 1431 1378 1469 Eu-

27 1486 242 1538 thydemus
271 1485 351 1524 illis
382 1485 553 1524 auditis:
599 1485 718 1534 Quid,
750 1486 892 1537 inquit,
919 1497 943 1524 o
963 1485 1168 1526 Socrate2
1224 1487 1373 1526 Utrum

26 1547 72 1582 te
99 1543 200 1581 hanc
231 1555 345 1594 quam
371 1544 530 1594 quaeris
561 1543 768 1581 scientiam
798 1555 901 1581 nunc
931 1542 1119 1592 doceam,
1159 1557 1208 1583 an
1237 1545 1296 1583 vis
1326 1548 1374 1584 ut

26 1599 298 1640 demonstrem
332 1601 409 1638 iam
438 1599 593 1638 dudum
623 1604 666 1637 te
695 1612 741 1638 ea
771 1599 901 1639 fuisse
932 1605 1115 1640 ornatum
1147 1606 1191 1641 et
1219 1602 1372 1641 instru-

27 1658 167 1696 ctnm'!
225 1657 400 1708 Optione
440 1657 585 1696 relicta
618 1657 821 1708 posterius
851 1657 1023 1696 efficere
1054 1663 1234 1700 conatur.
1293 1658 1374 1708 Qui

28 1715 105 1753 scit
133 1714 306 1766 aliquid,
336 1714 476 1766 inquit,
508 1715 542 1753 is
574 1715 782 1753 scientiam
809 1714 956 1762 habet3
986 1716 1054 1766 qui
1082 1715 1207 1754 habet
1236 1715 1374 1755 scien-

26 1772 137 1819 tiam,
171 1772 262 1823 quia
290 1772 407 1810 simul
436 1771 543 1810 idem
565 1784 659 1810 esse
679 1777 799 1823 atque
828 1784 906 1810 non
937 1784 1030 1811 esse
1058 1773 1211 1824 nequit,
1240 1773 1374 1813 scien-

26 1829 83 1878 tia
114 1834 179 1868 est
208 1829 442 1880 praeditus3
473 1829 539 1880 qui
560 1834 695 1884 autem
726 1829 895 1867 scientia
925 1829 1133 1880 praeditus
1168 1834 1248 1878 est,
1281 1843 1375 1869 eum

26 1887 155 1925 omnia
186 1887 291 1924 scire
320 1887 601 1937 consequitur,
632 1887 838 1937 qnoniam,
869 1886 906 1925 si
934 1886 1027 1937 quid
1057 1888 1287 1939 ignoraret,
1318 1887 1374 1926 si-

25 1943 109 1982 mul
148 1943 316 1982 scientia
361 1943 472 1981 foret
505 1943 745 1991 destitutus3
786 1943 892 1994 quod
930 1944 1022 1983 fieri
1062 1957 1142 1983 non
1171 1957 1297 1997 posse
1324 1956 1375 1984 ex

26 2001 302 2051 superioribus
332 2005 396 2040 est
424 2002 696 2052 perspicuum.
756 2000 884 2052 Igitur
912 2004 976 2050 tu,
1006 2013 1031 2040 o
1061 2001 1247 2049 Socrate,
1273 2014 1373 2053 quo-

23 2058 127 2097 niam
166 2058 298 2095 omnia
333 2059 502 2106 novisti7
540 2071 592 2097 ne
629 2057 730 2097 illud
768 2058 930 2110 quidem
957 2059 1146 2112 ignoras,
1189 2059 1297 2111 quod
1330 2063 1374 2098 te

25 2115 132 2156 scire
160 2126 279 2153 avere
308 2115 590 2168 significavisti.

137 2215 367 2258 Prudenter
407 2222 528 2270 atque
564 2218 710 2258 callide
750 2219 947 2270 sophista
970 2219 1048 2258 hac
1087 2219 1215 2258 utitur
1252 2230 1372 2270 argu-

26 2275 296 2324 mentatione,
337 2288 440 2327 qnae
477 2281 521 2314 et
555 2277 642 2328 ipsa
684 2289 733 2315 ex
762 2276 1011 2329 Protagorae
1049 2275 1259 2328 depromta
1299 2275 1373 2314 do-

26 2332 154 2371 ctrina
191 2336 278 2380 est,
317 2334 429 2371 cuius
468 2333 664 2373 rationem
694 2347 716 2372 a
745 2334 914 2374 Socrate
941 2333 1190 2386 reprehendi
1222 2333 1374 2371 sensis-

26 2393 104 2430 set.
156 2388 403 2441 ·Protagoras
446 2391 550 2429 enim
590 2404 708 2443 quum
745 2392 950 2431 hominem
984 2391 1111 2430 vellet
1146 2402 1374 2430 mensuram

26 2458 162 2486 rerum
200 2458 293 2486 esse
329 2448 504 2488 omnium
522 2445 591 2503 ²⁴¹),
626 2449 802 2502 ideoque
841 2449 972 2502 qualia
1009 2450 1156 2500 cuique
1183 2447 1375 2487 videren-

72 2654 114 2700 *)
137 2659 180 2689 V.
208 2659 251 2690 de
272 2659 338 2690 hnc
372 2658 441 2692 viri
472 2660 650 2692 uenientia
682 2669 769 2700 quae
804 2661 908 2693 affert
932 2659 1174 2700 menagius
1201 2661 1243 2691 nd
1273 2658 1376 2697 Diog.

138 2705 258 2737 Laert.
293 2706 353 2737 ΙΧ.
381 2707 434 2739 51.
463 2709 499 2738 et
523 2717 612 2747 quae
637 2708 707 2747 ipsi
734 2708 779 2740 ad
803 2707 934 2747 cratyl.
956 2716 991 2746 p.
1018 2708 1099 2741 385.
1129 2708 1172 2739 E.
1202 2706 1377 2738 dedimus.

77 2769 178 2803 rm.
196 2773 283 2814 opp.
305 2774 384 2806 Vol.
409 2774 464 2808 Vl.
490 2775 585 2807 Sect.
612 2775 641 2808 Ι.
1016 2763 1046 2803 8
