1624 2904
279 116 362 157 336

279 225 579 259 Adiectivum:
596 224 786 257 nominibus
807 224 896 258 eius-

296 296 299 299 .
323 273 397 304 dem
408 272 525 311 stirpis
539 270 755 304 aidanum‘rh.
768 273 843 304 125.
854 274 895 304 A.

277 330 322 342 «-
345 317 503 349 neutrius
534 316 671 357 generis
701 315 775 346 sine
797 328 833 348 τι
855 318 896 348 Ε.

321 363 399 394 286.
421 363 461 397 D.

276 406 541 438 Adverbium
573 415 600 439 c.
638 403 721 436 εἶναι
748 403 896 445 elliptice

318 455 515 489 usurpatum
540 452 582 482 Η,
606 453 681 481 227.
706 451 749 483 1).

275 496 521 535 Aeschylus
545 495 637 526 laud.
663 497 704 526 Ε.
728 495 807 527 291.
829 495 870 526 D.

275 541 495 572 Aleuadae
520 542 566 573 Μ.
592 541 645 570 70.
673 541 708 570 Β.

274 585 442 617 Amasti
477 585 653 616 delicatuli
682 591 720 615 ao
756 583 893 624 superbi

318 631 367 661 M.
391 631 445 660 76.
472 631 507 662 Β.

273 675 502 706 Amatoris
540 683 596 706 ors
639 673 792 706 Socratis
831 674 892 705 Th.

272 763 499 803 Amipsiae
554 764 690 794 Connus
737 762 893 802 Prolegg.

318 810 359 839 ad
383 808 580 847 Euthydem.
605 818 637 846 p.
662 808 716 838 57.

273 853 552 892 Amphilytus
575 853 636 883 Th.
662 853 736 882 124.
761 852 803 882 D.

273 898 606 929 Anocoluthon:
645 897 756 926 dativo
795 905 894 934 prae-

316 943 419 973 dicati
443 945 521 980 post
543 941 725 981 genitivum
747 941 893 971 nominis

315 987 414 1018 illato
447 990 495 1018 M.
539 988 591 1017 73.
626 988 668 1018 D.
702 985 790 1016 aliae
820 986 893 1015 eius

316 1034 445 1063 formae
470 1033 510 1062 E.
538 1033 571 1062 4.
596 1032 635 1063 D.
667 1033 701 1061 et
725 1033 756 1062 6.
781 1031 822 1063 D.
846 1032 893 1061 M.

318 1079 373 1107 95.
399 1079 435 1107 C.
458 1077 499 1106 E.
523 1077 599 1106 281.
624 1077 664 1105 D.

273 1122 520 1152 Anacreon:
566 1119 776 1150 consuetudo
819 1118 894 1150 eius

317 1176 392 1197 cum
417 1165 608 1204 Hipparcho
635 1167 676 1195 H.
698 1167 775 1195 228.
802 1166 838 1194 C.

271 1227 316 1235 -
340 1211 412 1240 eius
437 1210 608 1242 Callicrite
630 1210 691 1240 Th.
718 1210 793 1244 125.
818 1210 859 1240 D.

271 1255 566 1294 Anadiplosis
592 1255 631 1284 E.
658 1255 733 1284 284.
756 1255 797 1286 E.

272 1299 547 1339 Ansgyrasii
571 1299 631 1330 Th.
656 1299 731 1329 127.
756 1299 798 1329 E.

271 1357 569 1395 Anaxagorae
595 1355 634 1385 de
657 1355 801 1394 sphaera
817 1363 896 1386 sen-

318 1401 425 1431 tentia
447 1402 485 1432 R.
511 1401 587 1430 132.
613 1400 653 1431 A.

270 1445 522 1482 Animorum
575 1443 796 1484 migratio
849 1447 895 1476 M.

316 1492 371 1521 81.
400 1491 428 1520 A
454 1499 523 1528 sqq.

267 1535 492 1572 Antiphon
516 1532 740 1567 Rhamnusius
764 1533 893 1573 primus

311 1579 462 1610 vendidit
502 1580 678 1612 orationes
716 1579 893 1610 iudiciales

310 1626 352 1655 E.
377 1626 452 1656 304.
477 1627 514 1657 C.

265 1679 561 1711 Antisthenes
584 1679 720 1710 dialect.
743 1679 787 1711 Ε.

264 1769 432 1806 Anytus
481 1770 531 1799 M.
579 1769 632 1801 90..
677 1768 718 1800 A.
757 1768 810 1800 91.
849 1769 889 1805 Β.

310 1814 364 1842 99.
390 1813 430 1842 Ε.

262 1857 486 1889 Aoristus:
505 1852 695 1898 ἇγγέλωμεν
712 1858 760 1887 Μ.
778 1857 830 1887 71.
850 1859 887 1887 C.

261 1919 304 1925 -
327 1902 453 1942 ἕσφηλα
476 1902 516 1931 Ε.
543 1904 618 1932 296.
643 1903 683 1932 A.

259 1964 304 1970 -
327 1951 403 1984 post
450 1947 583 1984 imperf.
626 1945 661 1976 in
708 1945 887 1985 sententiis

304 1991 443 2030 hypoth.
469 1994 514 2021 M.
542 1993 594 2022 72.
621 1991 655 2022 B.

261 2052 302 2058 -·
331 2036 488 2073 particip.
513 2038 559 2066 M.
585 2037 639 2065 72.
664 2038 699 2066 c.

259 2083 316 2118 Ap
332 2080 420 2114 ο11ο
443 2080 670 2110 Patricius
689 2080 729 2109 E.
751 2081 826 2110 302.
845 2083 882 2111 C.

258 2127 317 2163 Ap
331 2126 396 2155 olo
411 2125 483 2164 gia
516 2125 669 2157 Socratis
693 2124 883 2158 imitatione

303 2179 461 2207 expressa.
477 2170 537 2200 Th.
555 2171 629 2200 127.
648 2170 674 2199 Ε
694 2179 741 2207 sq.
755 2171 829 2199 128.
843 2172 883 2201 D.

257 2226 315 2264 Ap
329 2225 422 2263 posi
437 2225 518 2255 tio:
537 2224 685 2255 nominis
704 2224 830 2262 proprii
847 2224 882 2259 in

303 2270 554 2307 comparatione
581 2270 620 2299 E.
650 2270 701 2300 15.
727 2270 763 2301 Β.

258 2329 300 2335 —-
327 2314 473 2351 nominis
498 2313 629 2351 proprii
661 2315 740 2350 post
764 2313 883 2348 adver,-

304 2359 357 2388 bia
382 2358 447 2388 loci
471 2359 512 2388 E.
538 2359 616 2388 271.
642 2359 679 2388 Ο.

259 2419 301 2425 —-
326 2403 472 2434 nominis
507 2403 612 2432 subst.
646 2403 724 2439 post
754 2411 883 2441 prono-

304 2457 378 2477 men
405 2450 452 2478 M.
478 2450 531 2478 87.
559 2449 599 2477 D.
625 2447 666 2477 E.
690 2449 767 2477 277.
791 2449 825 2479 G.
847 2443 850 2446 ’

258 2508 298 2515 --
328 2492 475 2528 nominis
505 2495 582 2531 post
604 2487 642 2522 τὸ
674 2491 818 2535 πρᾶγμα
840 2492 881 2527 Ε.

304 2540 381 2569 274.
407 2539 447 2569 ΒΞ.

260 2608 303 2621 ι.-
338 2593 484 2624 nominis
522 2592 559 2623 in
607 2592 762 2624 clausula
809 2601 883 2624 cum

305 2639 473 2678 gravitate
494 2638 588 2669 tacta
609 2639 648 2670 F.
671 2638 749 2671 289.
772 2637 814 2670 D.

814 1681 892 1713 273.

713 113 877 156 INDEX
903 115 1148 157 LATINUS.

960 229 986 258 A
996 226 1221 266 pposntno
1260 230 1402 264 relativo
1440 242 1574 274 accom—

1001 273 1139 304 modata
1161 275 1206 306 M.
1233 277 1286 305 94.
1309 278 1348 307 E.

957 333 1001 340 —
1034 318 1069 347 in
1106 319 1205 348 form.
1244 316 1350 356 αὐτός
1382 332 1420 353 τε
1448 322 1502 355 καὶ
1529 299 1587 363 αὖ*

1001 361 1119 393 παιδία
1141 367 1202 394 etr.
1226 364 1266 394 E.
1291 367 1367 396 307.
1393 369 1429 400 Β.

957 423 999 429 --
1019 408 1167 437 universi
1190 410 1354 439 enuntiati
1375 413 1450 450 post
1472 412 1574 446 ‘coum

1000 451 1158 482 πέπονθα
1183 455 1229 483 Μ.
1254 456 1307 485 95.
1333 457 1367 485 C.

954 509 999 518 —
1024 496 1232 534 glossematis
1257 499 1401 537 speciem
1430 509 1514 539 prae
1536 511 1574 534 se

1000 541 1113 571 terens
1134 543 1179 571 M.
1207 544 1258 572 92.
1283 546 1321 575 A.

956 585 1135 623 Argenti
1161 589 1202 616 et
1237 587 1334 619 auri
1366 590 1502 622 valor.
1529 592 1572 627 1-1.

999 631 1076 660 231.
1099 631 1140 660 D.

954 673 1181 704 Aristides
1206 676 1267 706 Th.
1295 678 1368 708 130.
1394 680 1428 709 Β.

954 718 1028 750 Ari
1041 718 1097 749 sti
1110 729 1127 757 p
1141 728 1158 756 p
1170 728 1190 748 u
1202 729 1246 760 s,
1252 722 1409 753 Menouis
1434 721 1575 766 amicus,

979 765 1047 795 Μ.
1072 765 1124 795 70.
1150 765 1187 794 Β.

956 807 1242 847 Aristogiton
1267 810 1308 838 Η.
1333 811 1410 840 229.
1436 813 1473 841 C.

953 852 1268 890 Aristophanis
1288 855 1399 884 Nubes
1426 855 1576 895 l'rulegg.

958 906 975 924 ι
1002 897 1043 926 nd
1067 897 1214 934 Euthyd.
1240 907 1270 935 p.
1295 900 1336 928 49
1356 908 1427 935 sqq.
1448 902 1487 928 52
1503 909 1574 937 sqq.

957 957 997 963 —
1023 941 1064 970 (le
1090 943 1231 972 Socrate
1255 946 1330 980 post
1354 944 1466 972 Nubes
1485 948 1577 974 actas

1000 987 1162 1016 mutatum
1202 986 1360 1018 iudicium
1410 987 1491 1021 ibid.
1535 989 1576 1019 51

1002 1039 1073 1068 sqq.
1103 1034 1141 1061 56
1168 1039 1237 1070 sqq.

958 1076 1086 1105 Artes
1111 1075 1315 1106 sordidae
1339 1079 1376 1107 R.
1409 1077 1484 1110 135.
1509 1078 1544 1108 Β.

958 1120 1215 1150 Articulus:
1247 1122 1335 1158 apud
1367 1119 1502 1152 ἕκαστον
1535 1122 1577 1154 Ε.

1005 1165 1080 1196 307.
1103 1166 1140 1195 Β.
1165 1168 1198 1194 et
1221 1166 1268 1196 M.
1296 1167 1348 1196 98.
1372 1168 1406 1196 Β.

960 1225 997 1231 -
1025 1211 1102 1239 nnte
1126 1218 1222 1248 pron.
1238 1219 1371 1247 person.
1390 1212 1429 1241 E.
1450 1212 1525 1242 273.
1543 1212 1579 1241 Β.

959 1269 1003 1276 -
1033 1255 1113 1284 ante
1151 1255 1314 1288 vocabula
1355 1256 1579 1286 materialiter

1005 1299 1116 1337 posita
1131 1299 1231 1329 etium
1248 1300 1393 1330 omissus
1412 1302 1457 1330 M.
1476 1302 1527 1330 97.
1538 1302 1578 1330 A.

962 1358 1002 1365 -
1034 1343 1121 1381 apud
1160 1338 1258 1379 οὗτος
1291 1354 1360 1374 non
1397 1346 1579 1383 usurpatus

1005 1390 1051 1418 M.
1078 1389 1130 1419 71.
1153 1389 1192 1418 Ε.-

959 1448 1004 1455 —
1028 1436 1106 1462 ante
1128 1427 1225 1473 λόγος
1250 1442 1315 1464 om.
1339 1433 1379 1462 E.
1407 1434 1437 1463 5.
1464 1435 1499 1463 C.
1526 1431 1545 1454 *¹-

960 1493 1003 1500 —-
1037 1481 1115 1507 ante
1146 1478 1310 1507 adiectiva
1343 1477 1580 1517 patronymica

1004 1522 1148 1552 omissus
1175 1525 1220 1553 M.
1245 1524 1298 1554 70.
1326 1523 1360 1552 Β.

957 1583 1002 1592 —
1025 1577 1067 1597 an
1100 1570 1175 1604 post
1201 1563 1223 1607 ⁹1¹
1255 1567 1322 1596 alio
1356 1566 1492 1597 nomine
1522 1575 1577 1595 se-

1000 1614 1123 1650 quente
1151 1611 1344 1640 necessario
1376 1611 1576 1648 repetendus

999 1657 1044 1687 sit
1068 1658 1109 1686 1-1.
1133 1658 1209 1685 230.
1236 1658 1270 1684 C.
1295 1659 1327 1684 et
1350 1656 1389 1686 E.
1416 1657 1468 1687 12.
1495 1657 1534 1685 A.

952 1717 997 1724 —
1026 1700 1171 1737 primum
1205 1699 1352 1738 positus,
1386 1699 1507 1729 deinde
1532 1699 1575 1729 ad

997 1744 1174 1782 sequentia
1199 1744 1336 1775 nomina
1355 1753 1423 1773 non
1446 1743 1574 1781 repeti-

995 1792 1050 1820 tus
1076 1789 1115 1820 E.
1142 1790 1172 1817 ’1.
1198 1791 1235 1820 G.

950 1851 992 1856 —
1019 1833 1176 1864 neutrius
1199 1830 1335 1871 generis
1358 1842 1432 1863 cum
1455 1832 1576 1863 adver-

994 1878 1050 1908 bio
1074 1874 1186 1929 ὀρθῶς
1212 1878 1255 1907 nl.
1279 1879 1356 1908 280.
1379 1877 1419 1907 E.

949 1939 993 1947 —
1016 1932 1090 1952 cum
1113 1919 1240 1954 ταύτὸν
1266 1925 1299 1953 et
1324 1917 1471 1965 θάτερον
1494 1920 1573 1952 iun-

995 1969 1067 1998 ctus
1099 1969 1144 1996 31.
1170 1968 1223 1997 75.
1247 1968 1288 1997 A.

949 2029 989 2036 -
1015 2013 1051 2041 in
1084 2012 1236 2042 fonnulis
1269 2006 1307 2041 τό
1337 2021 1372 2040 τε
1397 2006 1490 2041 ὅσιον
1514 2007 1572 2040 καὶ

991 2052 1039 2097 ,ιιὴ
1066 2058 1100 2086 et
1131 2052 1170 2085 τό
1197 2066 1232 2086 τε
1255 2051 1350 2087 ὅσιον
1372 2054 1427 2085 καὶ
1449 2052 1489 2084 τὸ
1523 2065 1569 2095 μη

990 2102 1034 2132 Ε.
1059 2102 1111 2131 15.
1137 2101 1176 2130 Ε.

948 2145 1049 2175 —in
1072 2144 1180 2188 γιιινῃ
1208 2143 1248 2188 τῆ
1269 2140 1410 2186 κεφαλῆ,
1444 2139 1569 2185 μεγάλῃ

991 2201 1030 2234 τη
1056 2189 1263 2232 φωιι],εἰιιι.
1290 2191 1327 2220 R.
1355 2190 1427 2219 133.
1453 2190 1489 2218 B.

947 2253 989 2259 -
1014 2236 1050 2265 in
1083 2234 1129 2274 τῷ
1161 2232 1244 2273 Mum
1277 2229 1513 2273 ἄποθιήσκειν
1537 2232 1569 2262 et

991 2279 1062 2311 sim.
1090 2267 1134 2309 M.
1159 2281 1212 2309 91.
1238 2279 1280 2308 F.

945 2342 990 2349 ·—-
1011 2324 1047 2354 in
1072 2320 1114 2359 ὥς
1137 2321 1175 2353 τὸ
1200 2319 1305 2358 εἶκρς,
1332 2316 1373 2355 ὡς
1398 2314 1435 2350 τὸ
1462 2318 1566 2351 δίκαι-

989 2379 1028 2398 ov
1053 2371 1086 2399 et
1110 2367 1184 2401 sim.
1210 2368 1249 2398 F..
1275 2369 1305 2397 3.
1337 2368 1374 2398 1).

947 2414 1150 2446 Athletae
1175 2411 1337 2444 contemti
1369 2411 1407 2440 R.
1432 2409 1506 2438 132.
1531 2410 1567 2438 C.

948 2458 1194 2488 Atti-actio:
1219 2457 1368 2493 inversa,
1394 2455 1439 2484 M.
1456 2455 1509 2485 96.
1528 2455 1565 2482 Β.

946 2518 991 2526 ·-
1015 2503 1048 2535 iu
1069 2501 1138 2536 οἷον
1166 2503 1201 2533 Ε..
1224 2504 1254 2535 2.
1283 2500 1412 2533 R.—R.
1432 2500 1508 2530 135.
1526 2499 1564 2530 E.

992 2548 1032 2577 F..
1059 2548 1135 2586 272.
1160 2549 1195 2582 A.
1219 2547 1254 2576 et
1277 2546 1352 2575 282.
1380 2545 1419 2573 l).

947 2592 1054 2624 Auri
1081 2594 1120 2627 et
1151 2589 1329 2630 urgenti
1359 2589 1491 2620 valor.
1523 2587 1563 2618 Η.
