1624 2904
458 133 540 179 AD
569 132 919 180 Timauum.
1275 131 1362 174 22⁴1

25 254 142 298 ravit.
196 251 276 294 His
306 251 411 293 enim
439 250 633 303 expositis
660 249 771 290 addit
797 248 901 290 haec
928 248 1072 291 verbm
1101 245 1366 304 permulta

29 309 267 368 (eiusmodi)
299 310 542 350 collecta
571 312 694 348 sunt
722 308 782 347 ab
811 308 1120 359 Antipatro:
1148 311 1195 348 ut
1221 306 1367 346 sinon

24 371 115 422 ipse
141 380 214 409 sua
241 369 291 408 ab
319 368 390 406 ino
419 367 631 414 sumserit,
660 369 774 405 certe
802 377 904 417 opus
942 365 1146 418 Antipatri
1173 361 1368 404 consimi-

26 426 91 468 les
128 425 445 466 narratiunculas
491 423 738 463 continuisse
782 423 1028 463 indicaverit.
1107 421 1370 462 Ciceroniana

26 487 162 524 autem
200 483 270 522 illa
303 481 662 532 contemplantibus
703 484 747 520 et
783 492 874 520 cum
912 480 961 519 iis
998 481 1167 530 quaein
1196 478 1370 529 'l'heage

28 541 219 594 leguntur
246 538 582 580 contendentibus
610 538 726 577 nobis
755 537 932 576 fatemur
970 538 1239 588 suspicionem
1269 535 1373 575 sub-

29 604 161 638 ortam
189 610 295 646 esse,
321 597 563 648 scriptorem
587 595 766 648 Theagis
786 608 858 634 sua
885 606 934 634 ex
962 595 1105 633 eodem
1131 593 1262 641 fonte,
1290 592 1372 631 hoe

31 659 99 696 est
130 667 179 693 ex
206 654 407 706 Antipatri
435 664 584 704 opere,
618 652 816 694 hausisse.
874 651 1052 691 indidem
1081 652 1261 690 fortasse
1292 650 1372 688 flu-

29 716 175 752 xerunt
214 724 315 763 quae
354 710 479 749 habet
515 709 831 749 Plutarchus
870 708 932 748 De
961 710 1080 762 genio
1110 707 1290 748 Socratis
1318 705 1372 750 T.

28 769 79 812 11.
109 782 150 821 p.
182 769 305 808 1⁰30.
337 767 464 808 1032.
523 766 627 806 Sunt
656 768 761 806 enim
791 779 959 819 prorsus
996 765 1176 805 eiusdem
1203 765 1373 804 farinae.

23 826 162 879 Atque
189 825 268 864 hoc
300 825 336 864 si
363 824 632 877 probabiliter
660 824 974 876 disputavimus,
1003 824 1165 863 dubium
1195 835 1290 862 esse
1308 820 1374 860 vix

26 883 208 937 poterit,
257 895 334 934 qua
384 886 519 920 aetate
559 881 810 922 adulterinus
854 881 923 921 hic
967 880 1132 930 foetus,
1191 879 1244 919 de
1292 888 1374 931 quo

29 940 255 993 quaeritur,
293 939 334 978 in
372 938 503 978 lucem
540 939 673 978 editus
711 940 779 982 sit.
846 939 1063 990 Antipater
1103 938 1210 978 enim
1251 947 1374 989 quum

30 995 214 1037 Panaetii
242 995 386 1035 doctor
413 995 543 1035 fnisse
570 996 834 1048 perhibeatur
861 1009 908 1036 ac
937 997 1159 1049 discipulus
1180 993 1374 1047 Diogenis

28 1053 263 1107 Babylonii,
294 1053 433 1093 floruit
459 1052 566 1092 haud
593 1053 714 1093 dubie
734 1054 898 1094 circiter
915 1066 1058 1093 annum
1083 1054 1180 1095 150.
1208 1065 1244 1095 a.
1276 1051 1376 1091 Chr.

28 1123 70 1153 n.
126 1111 187 1151 Ex
224 1122 304 1162 quo
341 1122 595 1162 consequens
636 1115 728 1160 est,
767 1115 814 1151 ut
851 1111 1062 1163 Theagem
1102 1109 1376 1162 prim0·fera

29 1172 128 1209 ante
164 1180 297 1207 aeram
335 1167 540 1219 vulgarem
581 1168 744 1207 saeculo
777 1173 915 1208 natum
946 1181 1039 1208 esse
1067 1167 1263 1207 credibile
1290 1167 1376 1207 fiat.

29 1225 146 1276 Quae
172 1225 276 1263 ratio
306 1224 543 1264 mirabiliter
571 1226 756 1277 congruit
784 1238 875 1265 cum
904 1226 978 1274 iis,
1028 1238 1131 1278 quae
1168 1237 1299 1276 nuper
1325 1222 1378 1263 de

30 1281 240 1324 Alcibiade
276 1281 456 1320 secundo
493 1284 775 1334 exposuimus,
815 1295 933 1334 quem
973 1282 1118 1322 librum
1154 1283 1252 1321 item
1279 1293 1377 1333 pro-

30 1344 127 1393 pter
155 1337 369 1377 manifesta
397 1351 499 1391 quae
527 1338 652 1378 habet
680 1339 842 1379 Stoicae
871 1339 1109 1392 disciplinae
1126 1337 1298 1391 vestigia
1325 1336 1378 1378 ad

32 1395 201 1437 eandem
230 1400 403 1434 aetatem
431 1397 714 1436 revocavimus.
772 1396 859 1436 Nec
886 1410 983 1436 vero
1020 1398 1227 1448 quisquam
1258 1397 1379 1435 mira-

31 1453 144 1494 bitur
173 1452 293 1492 talem
322 1451 524 1505 dialogum
555 1457 640 1492 tum
670 1454 867 1506 temporis
890 1454 1046 1493 Platoni
1074 1454 1205 1493 fuisse
1226 1465 1380 1506 suppo·

34 1510 170 1552 situm.
230 1509 330 1548 Nam
365 1509 592 1550 invaluerat!
620 1511 697 1550 iam
729 1510 822 1550 inde
849 1524 872 1550 a
901 1511 1227 1551 Ptolemaeorum
1246 1515 1381 1551 aetate

34 1579 125 1609 mos
159 1566 229 1606 ille
265 1566 414 1605 litteris
457 1567 846 1619 perniciosissimus,
894 1572 940 1608 ut
980 1569 1132 1620 scripta
1173 1569 1380 1609 hominum

0 1651 1 1656 =
35 1624 300 1664 obscurorum
330 1627 374 1662 et
406 1623 639 1675 ignobilium
671 1625 893 1677 splendidis
921 1627 1146 1665 nominibus
1176 1639 1251 1677 per
1267 1626 1380 1665 frau-

0 1697 2 1732 ᾗ
37 1680 131 1721 dem
158 1680 501 1719 attribuerentur:
530 1681 582 1719 de
612 1695 688 1733 qua
717 1695 763 1721 re
794 1696 957 1735 magnus
996 1683 1277 1722 Bentleius
1307 1696 1379 1722 ex-

0 1741 2 1782 ξ
37 1738 176 1792 posuit
214 1737 407 1788 Opuscnl.
448 1737 548 1777 Crit.
580 1751 619 1789 p.
653 1739 736 1778 155
773 1752 861 1791 sqq.
901 1740 964 1779 ed.
1002 1740 1113 1792 Lips.
1181 1741 1382 1791 Quocirca

0 1801 3 1842 ζι
39 1794 257 1834 verisimile
285 1799 350 1833 est
378 1794 498 1833 etiam
523 1795 680 1835 Platoni
707 1796 801 1836 inde
829 1798 878 1836 ab
909 1797 980 1836 illo
1011 1804 1195 1848 tempore
1225 1799 1380 1837 adscri-

0 1850 4 1902 ξ
38 1856 114 1905 pta
141 1862 234 1890 esse
262 1862 364 1900 quae
392 1863 471 1891 non
499 1853 548 1890 ab
577 1853 668 1904 ipso
700 1859 814 1893 erant
845 1855 1055 1906 profecta:
1086 1855 1126 1893 id
1155 1856 1261 1905 quod
1291 1855 1381 1895 for-

1 1903 4 1938 ἶ
40 1914 155 1949 tasse
189 1908 320 1958 turpis
356 1907 492 1947 lucelli
528 1921 646 1948 caasa
683 1913 852 1950 maxime
896 1925 944 1950 ea
982 1917 1116 1951 aetate
1152 1912 1384 1953 factitatum

0 1961 8 2000 ἶ
44 1968 136 2014 est,
175 1975 252 2014 qua
289 1964 450 2004 litterae
494 1964 677 2004 Graecae
726 1966 918 2007 Romanis
958 1969 1215 2009 innotuerant
1260 1978 1384 2022 atque

0 2005 6 2077 Ὗ,
42 2021 261 2064 studiosius
291 2021 339 2059 ab
366 2021 416 2060 iis
448 2026 563 2060 erant
590 2025 755 2062 tractari
787 2031 971 2077 coeptae.

3 2078 7 2125 j
157 2077 299 2116 Editus
316 2089 446 2129 nuper
458 2081 670 2130 separatim
685 2085 728 2120 et
739 2083 931 2132 peculiari
951 2094 1072 2133 opera
1083 2077 1305 2122 illustratus
1319 2087 1385 2124 est

43 2133 206 2176 libellus
234 2135 283 2173 ab
313 2134 544 2174 Henrico
575 2135 844 2181 Knebelio.
901 2139 1061 2179 Titulus
1090 2140 1182 2179 libri
1211 2141 1277 2179 hic
1295 2147 1383 2180 est:

156 2190 398 2231 Platonis
436 2191 653 2245 Dialogi
694 2199 832 2246 tres,
879 2194 1407 2249 's11eages,‚Amat0-*

47 2259 157 2297 res,
196 2247 258 2288 [o.
297 2248 603 2301 Prolegomenis
642 2254 687 2290 et
722 2254 979 2294 annotatione
1015 2255 1203 2294 instruxit
1232 2255 1384 2297 Henr.

6 2316 10 2322 ·
46 2303 191 2344 Kneb
208 2304 270 2347 el.
298 2305 617 2347 confluentibus.
647 2308 770 2354 1833.
797 2310 838 2352 8.
895 2311 1033 2351 Editio
1061 2311 1176 2352 valde
1202 2312 1387 2353 laudabi-

8 2410 12 2417 .
48 2361 126 2413 lis,
150 2362 325 2403 tironum
351 2363 442 2404 usui
468 2363 680 2406 destinata.
850 2386 855 2389 ·

518 2498 932 2554 CODICES.

163 2563 402 2608 Bodleianus
430 2579 463 2609 s.
495 2569 631 2611 Clark.
661 2570 785 2614 Coisl.
816 2570 908 2627 (Γ).
947 2570 1041 2614 vat.
1074 2570 1126 2615 Θ.
1155 2571 1258 2613 ven.
1290 2566 1388 2612 ΞΣ

12 2653 15 2674 ,ι
55 2618 144 2661 Par.
182 2621 332 2662 BCEF.
372 2626 515 2678 Angel.
556 2627 812 2669 Barberinus.
841 2629 968 2673 Palat.
998 2627 1069 2684 (e).
1098 2629 1191 2672 Vat.
1222 2639 1255 2671 r.
1287 2628 1388 2669 Viu-

12 2684 15 2693 ’
55 2675 200 2738 doben.
227 2677 308 2734 (1.)
335 2681 518 2724 Floreat.
548 2697 583 2723 a.
614 2685 652 2727 h.
681 2697 715 2728 c.
744 2686 772 2728 i.
802 2698 841 2730 ο.
