1624 2904
502 197 573 239 AD
591 197 909 242 MENONEM.
1327 195 1383 236 21

0 319 3 323 '
41 319 107 371 qui
146 329 231 357 eam
281 316 357 354 iam
395 314 662 362 instituisset
699 312 911 363 designare
958 313 1130 355 videtur.
1186 310 1377 351 Mortuus

41 380 176 416 autem
218 373 408 412 Socrates
454 376 520 411 est
568 343 761 410 arelloute
804 369 987 409 Lachete
1032 370 1194 420 Olymp.
1240 369 1310 408 95.
1350 369 1381 410 Ι.

42 433 160 473 Unde
186 430 396 483 probabile
424 430 474 468 fit
501 428 630 468 media
658 426 723 465 vel
754 430 932 466 extrema
962 427 1125 479 Olymp.
1154 427 1223 465 94.
1281 425 1381 465 Me-

41 502 187 530 nonem
216 489 257 526 in
285 488 415 526 lucem
446 485 594 526 editum
622 497 728 525 esse.
786 484 844 523 Et
871 487 988 524 certe
1016 484 1128 524 nullo
1158 482 1277 522 modo
1306 495 1381 535 po-

43 548 121 586 tuit
157 549 250 584 ante
286 544 446 595 olymp
482 543 550 581 92.
589 541 630 584 2.
659 541 816 589 emitti,
854 545 1077 594 propterea
1107 540 1215 592 quod
1243 553 1283 591 p.
1311 540 1382 581 ol.

42 604 92 646 E.
127 603 178 641 de
214 602 434 652 Protagora
467 611 598 639 sermo
639 602 706 637 est
744 601 930 649 tanquam
973 598 1080 638 haud
1121 598 1178 637 ita
1223 597 1381 648 pridem

42 665 214 701 mortuo.
244 657 350 696 conf.
378 657 565 708 Prolegg.
594 655 643 694 ad
670 655 929 706 Euthydem„
946 669 987 708 p.
1006 658 1076 696 (53.
1107 700 1111 702 μ
1135 655 1211 694 Cui
1234 655 1381 693 rationi

42 721 206 757 nostrae
235 714 532 765 haudquaquam
570 712 757 752 officiunt
786 725 887 763 quae
926 726 965 764 p.
995 713 1064 756 90.
1094 713 1142 756 A.
1174 710 1224 749 de
1254 710 1379 750 Isme-

42 775 108 814 nia
148 772 340 812 Thebano
378 774 611 818 narrantum
650 769 701 811 ad
739 782 857 822 quem
893 770 1028 812 locum
1066 770 1118 810 (le
1158 767 1234 811 hac
1262 781 1311 807 re
1338 769 1379 807 in

44 829 349 871 Commentariis
381 829 650 880 exposuimus,

152 886 215 925 Eu
253 885 399 936 igitur,
434 886 533 924 satis
569 888 704 924 certas
744 886 858 925 nobis
898 884 1078 924 videmur
1106 887 1223 923 notas
1253 895 1379 934 repe-

40 945 144 985 risse
180 943 377 993 temporis
414 942 546 991 illius,
585 954 663 992 quo
704 941 806 980 liber
841 944 1019 994 scriptus
1066 944 1110 980 et
1145 941 1277 980 editus
1326 940 1381 978 sit

41 1013 210 1055 prorsus
237 1012 406 1038 necesse
435 1003 511 1040 est.
569 998 762 1049 Sequitur
791 1003 835 1038 ut
854 1000 1071 1047 videamus,
1100 1011 1191 1037 cum
1213 997 1382 1049 quibus-

42 1071 133 1099 nam
161 1056 248 1096 aliis
286 1055 464 1095 Platonis
505 1057 668 1107 scriptis
695 1055 762 1095 vel
790 1058 936 1096 aetatis
966 1057 1029 1095 vel
1058 1055 1284 1106 argumenti
1310 1066 1382 1092 ra·-

42 1116 154 1155 tioue
208 1113 344 1152 habita
403 1114 584 1165 proxime
632 1112 854 1152 cohaerere
902 1112 1134 1152 iudicandus
1181 1113 1249 1153 sit.
1323 1110 1382 1148 Et

43 1170 532 1212 Schleiermacheri
561 1169 722 1221 quidem
750 1172 1014 1219 senteutiam,
1057 1170 1125 1220 qui
1161 1168 1382 1208 Menonem

43 1243 68 1269 a
96 1229 247 1278 Gorgia
274 1231 317 1265 et
343 1227 589 1274 Theaeteto
618 1239 736 1277 quem
757 1231 971 1279 utrumque
988 1227 1212 1278 argumenti
1230 1237 1384 1276 cogna-

41 1287 156 1326 tIone
184 1285 375 1334 attingat
404 1284 627 1335 proximum
657 1296 772 1331 esse,
798 1284 982 1335 longiore
1008 1282 1143 1322 autem
1170 1282 1382 1321 intervallo

45 1342 97 1389 ad
133 1341 395 1391 Protagoram
433 1341 600 1391 eiusque
638 1341 826 1384 comitem
863 1341 1021 1379 scilicet
1060 1339 1284 1379 Lachetem
1311 1352 1383 1377 re-

45 1399 207 1450 spicere
244 1397 422 1443 censuit,
457 1409 529 1435 eur
565 1397 727 1448 penitus
763 1397 1060 1447 improbemus„
1097 1397 1138 1436 in
1174 1397 1387 1462 superiore

19 1456 140 1495 ‚libri
178 1454 353 1493 editione
400 1427 588 1504 Prolegg.
626 1466 667 1505 p.
705 1453 761 1492 37
800 1466 886 1505 sqq.
919 1455 1086 1506 copiose
1115 1454 1386 1505 exposuimus.

47 1514 160 1564 Quae
188 1511 370 1550 nolumus
410 1510 478 1548 hic
505 1514 710 1561 repetere.
769 1510 911 1563 Neque
939 1512 1074 1563 placet
1103 1511 1256 1549 iterare
1286 1522 1389 1561 quae

46 1569 196 1610 ibidem
222 1568 389 1607 maxime
416 1580 456 1618 p.
483 1567 538 1605 48
567 1580 629 1618 sq.
648 1567 838 1607 adversus
858 1568 1059 1607 Astium
1088 1567 1390 1619 disputavimus,

47 1626 266 1667 Menonem
320 1627 504 1663 nostrum
561 1623 857 1664 Platonicorum
915 1626 1162 1677 scriptorum
1222 1635 1391 1664 numero

50 1683 209 1733 omniuo
249 1681 502 1722 eximentem.
569 1679 650 1720 lam
688 1684 806 1721 autea
841 1685 974 1722 autem
1021 1681 1285 1732 significatum
1325 1682 1392 1719 est

50 1739 260 1780 Platonem
288 1738 329 1777 in
358 1737 500 1776 eodem
529 1742 765 1790 argumento
791 1738 1002 1781 tractando
1039 1739 1131 1790 plus
1168 1737 1297 1777 semel
1324 1737 1392 1776 id-

55 1809 134 1849 que
168 1795 276 1834 vario
315 1795 482 1833 consilio
518 1798 720 1833 versatum
758 1807 863 1837 esse.
932 1796 1049 1845 Quod
1089 1795 1181 1847 quis
1218 1798 1284 1834 est
1322 1793 1391 1846 qui

53 1852 301 1904 longioribus
329 1855 556 1903 temporum
583 1851 804 1894 intervallis
820 1853 1058 1892 ‚interiectis
1087 1853 1143 1894 ita
1173 1853 1223 1892 ab
1251 1864 1300 1890 eo
1328 1851 1392 1890 sa-

57 1914 167 1949 ctum
211 1921 302 1947 esse
344 1909 425 1947 sibi
452 1908 723 1959 persuadeat}
791 1910 932 1961 ltaque
966 1909 1027 1949 illi
1061 1908 1210 1960 dialogi
1238 1921 1394 1956 omues,

58 1968 100 2007 iu
130 1965 270 2018 quibus
300 1964 351 2005 de
383 1965 548 2004 scientia
574 1966 734 2004 virtutis
764 1971 935 2017 parente
963 1970 1006 2005 et
1034 1966 1227 2018 magistra
1255 1965 1396 2017 dispu-

61 2027 199 2071 tatur,
238 2021 356 2060 sicuti
383 2022 606 2073 argumenti
634 2022 916 2072 similitudine,
952 2024 1011 2065 ita
1048 2025 1168 2062 etiam
1199 2023 1398 2075 temporis

62 2079 347 2120 communitate
386 2079 580 2121 contineri
614 2079 811 2121 videntur.
881 2081 1113 2122 Cohaereut
1140 2081 1264 2131 igitur
1292 2080 1399 2118 inter

64 2150 111 2177 se
139 2141 261 2187 atque
292 2139 477 2186 tempore
504 2132 582 2174 non
609 2136 777 2174 multum
808 2137 966 2175 diverso
995 2137 1137 2188 scripti
1158 2140 1250 2175 sunt
1269 2135 1400 2176 Char·
1425 2162 1429 2167 -

64 2193 216 2241 midos,
258 2191 434 2240 Laches,
466 2191 611 2239 Meno,
647 2193 915 2243 Protagoras,
964 2193 1268 2245 Euthydemus,
1313 2193 1398 2231 Eu-

67 2250 271 2302 thyphro,
316 2250 383 2300 qui
424 2249 518 2287 libri
565 2248 643 2289 hoc
686 2254 801 2289 certe
838 2251 988 2291 habent
1026 2264 1259 2297 commune..
1294 2250 1400 2302 quod

70 2309 113 2346 in
160 2304 400 2344 'definiendis
454 2304 782 2358 excutiendisque
830 2308 993 2347 virtutis
1044 2309 1267 2350 rationibus
1309 2307 1401 2359 plus

71 2365 248 2404 minusve
285 2367 507 2403 versantur.
573 2362 689 2411 Quod
730 2363 888 2414 quidem
917 2371 1195 2416 argumentum
1235 2364 1407 2411 Platoni,

77 2433 154 2474 quo
183 2423 370 2471 tempore
397 2420 526 2458 adhuc
556 2418 760 2458 doctrinae
789 2421 1020 2461 Socraticae
1047 2422 1126 2462 suit
1153 2427 1285 2469 tenax,
1313 2433 1410 2460 cer·-

77 2482 141 2517 tas
179 2477 365 2528 quasdam
401 2478 452 2517 ob
491 2488 630 2514 causas
667 2476 877 2517 admodum
914 2479 1117 2531 placuisse
1152 2477 1289 2531 paullo
1318 2481 1412 2517 ante

80 2533 379 2584 disputavimus.
446 2533 620 2572 Dubium
656 2537 791 2574 tamen
826 2538 891 2574 est
928 2540 1048 2586 atque
1097 2539 1413 2582 controversum,

81 2601 252 2642 quonam
286 2591 424 2632 ordine
461 2590 555 2629 libri
590 2590 651 2629 illi
680 2603 774 2630 sese
800 2594 1045 2644 exceperint»
1102 2593 1242 2644 Itaque
1270 2605 1338 2631 res
1367 2604 1416 2629 ex

84 2647 177 2699 ipso
214 2658 352 2686 eorum
389 2650 624 2699 argumento
665 2650 707 2686 et
743 2649 909 2688 consilio
945 2649 1195 2690 diiudicanda
1221 2652 1297 2688 est.
1354 2646 1417 2685 De

89 2715 170 2755 quo
211 2704 389 2745 nonnihil
425 2705 716 2759 disputabimus
752 2705 794 2746 iu
828 2706 1134 2760 Prolegomeuis
1179 2706 1230 2745 ad
1262 2704 1422 2755 Euthy-

5 2770 6 2773 ’
70 2818 75 2821 ¹
91 2760 303 2813 pbrouem.
