1624 2904
235 156 313 198 DE
349 153 776 208 EUTHYVDEMO
821 151 1167 200 PLATole.
1310 153 1367 198 43

21 277 86 313 ter
115 284 308 323 apparere
338 274 541 322 putamus.
598 267 701 307 Dum
744 267 847 306 cuim
879 267 1146 318 philosophus
1178 268 1367 310 eristicae

19 331 233 377 vanitatem
267 329 432 379 egregie
462 327 667 377 coarguit,
709 325 826 363 simul
857 326 976 362 etiam
1006 325 1045 363 id
1077 327 1174 375 egit,
1205 328 1366 378 ut'opi-

18 389 160 432 niones
199 385 390 438 quasdam
429 385 725 435 sophistarum,
764 382 834 421 illa
862 388 997 420 aetate
1040 383 1252 422 admodum
1301 384 1368 424 di-

19 445 198 496 vulgatae
236 448 359 494 atque
399 442 649 488 celebratas,
689 451 793 490 quae
834 439 992 490 quidem
1030 452 1103 493 pro
1143 440 1259 479 sonte
1286 442 1368 483 eri-

19 503 147 543 sticae
176 504 362 552 poterant
391 499 544 544 haberi..
574 502 617 536 et
638 495 957 537 examinarentur
977 497 1166 536 subtilius
1198 503 1240 536 et
1268 511 1366 538 vero

19 560 142 599 etiam
180 558 468 600 refutarentur,
528 555 644 606 Quod
686 554 776 604 quia
812 555 859 593 lit
899 567 976 604 ope
1016 554 1248 595 Socraticae
1278 556 1368 596 dia-

19 616 212 663 lectices,
253 627 356 666 quae
394 626 529 653 rerum
581 612 769 653 notiones
808 612 1014 651 subtiliter
1050 612 1246 662 rimatur,
1286 626 1364 652 uua

0 675 145 739 lopera
176 673 294 713 etiam
323 671 363 710 id
403 670 598 718 efficitur,
628 673 674 708 nt
703 669 821 708 huius
859 669 985 720 ipsius
1015 671 1143 711 uirtus
1175 675 1217 708 et
1247 683 1370 721 prae-

0 713 166 778 letantia
208 731 249 769 in
287 729 395 768 clara
430 728 522 767 luce
563 727 799 766 collocetur.
857 727 973 776 Quod
1010 732 1142 767 autem
1173 728 1271 768 illud
1301 741 1366 768 ar-

20 786 184 840 gutandi
223 785 454 835 rixandique
491 788 696 823 certamen
727 783 828 822 adeo
859 784 1111 834 protrahitur
1139 797 1214 822 nec
1246 786 1366 825 citius

18 845 179 891 finitur,
208 844 249 884 id
287 844 489 883 neminem
518 842 698 880 futurum
724 845 928 891 putamus,
959 842 1026 892 qui
1057 855 1101 881 re
1132 841 1367 894 diligentius

18 902 218 955 pensitata
264 905 422 940 temere
460 901 517 938 ita
566 900 795 937 institutum
846 911 940 937 esse
989 903 1165 941 censeat.
1235 901 1367 950 Quum

19 960 124 998 enim
170 958 354 997 universa
397 956 568 996 Graecia
599 968 671 1006 per
714 959 896 1006 argutam
935 956 1052 994 istam
1096 961 1139 996 et
1175 956 1366 998 fallacem

20 1015 248 1067 disputandi
280 1016 476 1054 rationem
507 1014 648 1052 mirum
681 1016 869 1063 quantum
901 1017 1103 1053 commota
1133 1019 1246 1053 esset
1274 1015 1370 1066 plu-

19 1075 199 1123 rimique
229 1073 374 1111 talibus
405 1072 632 1122 praestigiis
663 1071 868 1109 occoecati
899 1067 1147 1112 eius'studio
1177 1076 1368 1113 navarent

20 1143 204 1181 operam,
242 1130 282 1169 id
313 1130 418 1180 quod
447 1128 641 1178 frequens
672 1127 794 1166 docet.
822 1127 909 1167 τῶν
940 1125 1231 1181 ἀντιλογικῶν
1261 1130 1366 1185 apud

19 1187 230 1228 Platonem
261 1186 610 1234 commemorati03
649 1185 800 1225 nullum
841 1198 939 1224 sane
978 1185 1186 1224 efficacius
1217 1201 1263 1226 ac
1295 1200 1369 1239 po-

20 1246 172 1286 tentius
223 1245 340 1283 istius
383 1245 568 1282 vesaniae
599 1242 823 1283 remedium
854 1243 986 1293 potuit
1026 1243 1214 1291 inveniri,
1251 1258 1369 1294 quam

27 1314 108 1354 quo
145 1315 243 1341 usus
273 1307 338 1341 est
374 1300 654 1353 philosophus.
711 1299 812 1338 Nam
843 1301 1086 1351 consignatis
1117 1300 1367 1342 fallaciarum

26 1359 220 1411 exemplis
263 1363 305 1396 et.
342 1362 528 1408 tanquam
569 1358 610 1395 in
650 1357 787 1395 tabula
817 1357 867 1394 ob
899 1357 1038 1395 oculos
1070 1359 1210 1408 positis
1240 1360 1371 1402 multo

24 1420 114 1456 erat
142 1415 300 1457 facilius
331 1415 382 1455 de
410 1416 459 1454 iis
490 1414 702 1461 iudicium3
732 1415 772 1453 in
800 1426 878 1463 quo
903 1419 1152 1465 quantopere
1180 1417 1370 1466 aequales

23 1473 326 1519 fluctuaverint,
359 1473 425 1513 vel
454 1471 554 1511 illud
583 1475 818 1522 argumento
849 1476 937 1518 est,
967 1472 1073 1522 quod
1104 1477 1246 1524 postea
1277 1474 1369 1513 Sta-

24 1531 166 1584 girites
220 1529 380 1568 easdem
428 1528 520 1568 fere
567 1528 847 1567 conclusiones
897 1533 940 1567 et
987 1532 1370 1582 argumentationes,

23 1600 121 1639 quas
150 1587 267 1626 Plato
296 1587 334 1625 in
364 1586 618 1639 Enthydemo
648 1586 753 1633 risit,
783 1597 861 1624 non
891 1585 1072 1637 indignas
1104 1587 1244 1626 habuit
1274 1590 1370 1629 sub-

23 1646 160 1685 tiliore
201 1644 486 1695 examine„et
526 1642 630 1694 quod
662 1655 783 1683 senex
813 1642 1016 1684 Isocrates
1044 1645 1081 1682 in
1115 1646 1371 1685 eristicornm

23 1703 224 1743 nationem
255 1702 490 1752 saepissime
519 1701 664 1739 acerbe
683 1700 897 1741 invehitur.
956 1702 1154 1750 Quocirca
1185 1703 1371 1752 equidem

25 1760 145 1799 inea
173 1760 370 1797 sententia
399 1771 500 1806 sum,
529 1764 575 1796 ut
603 1771 677 1808 per
696 1762 822 1796 totam
853 1758 955 1797 hanc
987 1760 1184 1797 sermonis
1215 1766 1372 1810 partem

27 1815 126 1856 nihil
162 1816 332 1867 reperiri
372 1821 536 1867 putem,
575 1815 681 1870 quod
722 1815 902 1858 Platonis
940 1817 1101 1868 ingenio
1133 1822 1253 1872 atque
1282 1822 1372 1863 arte

30 1873 232 1925 indignum
263 1872 469 1919 videatur(
512 1920 514 1922 V

105 2002 123 2013 υ
142 1985 219 2027 His
258 1986 439 2025 omnibns
478 1998 574 2025 vero
613 1986 771 2037 dialogo
803 1990 983 2026 extremo
1015 1990 1177 2041 egregia
1207 1992 1376 2032 subiun-

33 2045 142 2098 gitur
170 2043 350 2082 Socratis
382 2045 525 2092 oratio,
556 2056 633 2093 qna
663 2045 754 2093 quid
783 2045 823 2084 in
854 2046 1077 2084 uniuersum
1109 2047 1158 2086 de
1189 2049 1265 2086 ista
1294 2050 1376 2088 dis-

35 2101 196 2142 serendi
234 2101 392 2139 ratione
429 2101 680 2141 statuendum
712 2103 787 2150 sit,
818 2103 1022 2153 praeclara
1055 2117 1141 2143 cum
1173 2107 1377 2156 sophista-

37 2171 124 2200 rum
143 2159 340 2200 ·irrisione
370 2159 594 2210 exponitur.
650 2158 786 2197 Finito
812 2161 914 2199 euim
947 2172 1033 2199 cum
1066 2162 1144 2200 illis
1174 2164 1378 2214 colloquio

39 2215 228 2256 Socrates
259 2228 304 2254 se
334 2227 491 2265 quoque
530 2215 691 2257 simulat
719 2230 860 2268 magna
892 2222 1024 2256 tantae
1055 2221 1274 2270 sapientiae
1302 2222 1378 2263 ad-

40 2273 251 2314 miratione
286 2273 489 2323 repletum
529 2285 643 2321 esse,
681 2279 801 2324 atque
838 2287 908 2313 eos
947 2275 1023 2314 hac
1054 2278 1236 2316 oratione
1266 2292 1378 2318 com-

41 2329 188 2382 pellat:
247 2330 283 2368 0
311 2342 382 2368 vos
411 2331 568 2378 beatos,
596 2331 737 2381 iuquit
768 2333 833 2382 qni
864 2337 943 2370 tam
974 2334 1085 2372 breti
1114 2340 1299 2386 tempore
1328 2336 1380 2379 ad

39 2391 189 2429 tantam
216 2387 433 2438 sapientiae
461 2391 746 2439 praestantiam
767 2393 810 2428 et
837 2391 1146 2440 magnitudinem
1179 2406 1380 2445 pertene-

41 2444 148 2488 ritis.
189 2443 403 2486 Enimvero
444 2458 508 2486 ars
536 2448 672 2484 vestla
699 2460 763 2497 qu
755 2460 815 2487 zm
835 2447 958 2487 multa
986 2449 1192 2499 praeclara
1217 2451 1379 2501 habeat,

43 2499 238 2543 tumillud
253 2501 342 2543 est
330 2514 371 2540 ln
392 2515 438 2541 ea
459 2503 579 2553 longe
599 2506 930 2555 praestantis-sim
934 2518 999 2552 im,
1022 2506 1128 2556 quod
1144 2507 1236 2546 fere
1250 2509 1382 2547 homi-

45 2569 119 2597 nes
139 2558 265 2598 vestri
289 2558 440 2601 similes
459 2560 623 2609 curatis
653 2575 745 2613 grai
750 2576 792 2601 es
813 2567 854 2601 et
873 2563 1060 2602 cordatos
1077 2565 1184 2602 ιιι-οτι
1207 2566 1383 2617 negligi-

46 2615 113 2658 tis.
169 2615 262 2681 Ego
301 2618 404 2656 enim
447 2618 544 2658 milii
574 2621 732 2667 penitus
762 2621 943 2671 persuasi
970 2621 1197 2677 istiusmodi
1227 2636 1386 2662 sermo-

49 2684 120 2712 nes
150 2673 285 2723 paucis
312 2675 521 2725 probatum
550 2675 860 2728 iri3pleris14ue
890 2682 1004 2716 cette
1031 2679 1086 2717 ita
1117 2693 1209 2719 esse
1242 2680 1386 2730 displi-

34 2729 225 2780 citurus,
253 2733 299 2772 ut
327 2731 376 2773 iis
404 2732 575 2775 malint
564 2735 642 2786 ipsi
670 2734 873 2777 confutari
902 2747 1017 2787 quam
1046 2736 1146 2778 alios
1175 2736 1386 2778 reserere.
