1624 2904
301 143 384 185 838

740 145 911 190 INDEX,
930 145 1178 188 LATINUS.

299 253 489 287 Bri-tici
515 254 670 297 Pmiegg,
703 255 744 289 ad
767 250 918 298 Euthy'd.
982 256 1221 292 Reuehat-t
1244 269 1326 294 usus
1349 263 1390 296 Ε.
1415 267 1493 299 299.
1517 269 1553 302 Β.

343 310 374 339 p.
402 302 422 330 4
445 308 516 338 sqq.

297 344 516 384 Euathlus
537 344 600 378 Th.
623 345 698 377 129.
721 346 760 380 Α.

297 390 326 422 Ε
338 399 357 420 u
368 389 433 428 pol
445 389 481 420 is
496 390 631 420 Socrati
651 389 818 432 inimicus,
830 391 915 423 Pro-

341 435 429 474 iegg.
453 434 493 464 ad
518 435 661 474 Euthyd.
684 445 717 474 p.
740 438 793 469 61.

295 478 532 517 Euripidis
569 488 704 512 versus:
726 478 825 522 σοφοὶ
850 476 914 514 τύ-

339 534 452 564 ραννοι
472 535 500 555 κ.
523 535 553 554 τ.
577 523 605 554 λ.
630 526 690 556 Th.
718 527 791 556 125.
817 528 853 557 B.

295 567 583 607 Euthydemus
611 568 700 601 Proi.
725 579 756 609 p.
778 571 818 600 10
844 580 915 609 sqq.

295 612 665 645 Exercitationes
705 617 914 653 corporis

341 658 470 688 modice
493 658 719 689 instituendae
737 661 770 690 R.
788 661 862 691 134.
878 662 916 691 A.

295 701 542 733 Exordium
581 703 750 734 interdum
784 713 804 734 a
836 705 914 736 Piu-

342 750 422 780 tone
446 748 607 779 ominum
632 750 677 780 Μ.
701 750 756 783 w.
780 751 822 780 A.

576 836 628 882 F.

295 921 487 953 rabulae
518 922 559 953 de
591 921 682 954 rixis
713 926 747 956 et
770 927 915 957 conten-

339 967 488 997 tionibus
521 968 660 998 deorum
692 969 827 1002 Plutoni
852 972 916 1002 im-

338 1013 500 1049 probatae
522 1012 562 1042 E.
585 1015 616 1043 6.
639 1015 676 1044 Β.

293 1056 465 1087 Fan-um
501 1057 618 1087 nihii
653 1058 744 1090 Prol.
774 1059 816 1090 ad
839 1059 915 1090 Eu-

336 1100 428 1139 thyd.
451 1109 484 1139 p.
509 1103 563 1132 28.

291 1144 448 1176 Fortis
485 1145 548 1176 viri
581 1147 631 1176 est
661 1145 822 1178 iniuriam
860 1149 914 1179 ui-

335 1189 418 1219 cisci
450 1192 485 1220 et
514 1190 662 1222 inimicis
691 1194 775 1223 maie
801 1195 914 1224 facere

337 1236 383 1264 Μ.
409 1235 462 1268 ⁶11.
487 1236 527 1266 E.

291 1278 521 1312 Futurum:
552 1281 705 1312 Atticum
733 1283 913 1314 verborum

336 1334 372 1365 in
403 1324 462 1366 δῖ.
489 1335 529 1367 Ε.
554 1337 586 1366 9.
611 1338 649 1368 C.

290 1395 331 1404 ο-
366 1381 400 1409 et
435 1379 639 1411 aui-istus
686 1379 720 1411 in
766 1382 914 1414 formula

335 1422 396 1455 οιῗκ
426 1424 488 1463 ἔχω
519 1420 539 1455 ὅ
580 1435 613 1456 τι
647 1423 826 1469 χρήσομαι
866 1428 909 1462 Ε.

334 1471 411 1500 287.
436 1472 472 1500 Ο.

570 1560 629 1604 G.

292 1645 551 1677 Genitivus:
583 1646 686 1685 pretii
719 1649 768 1681 M.
792 1649 847 1682 91.
873 1650 908 1682 Β.

288 1706 333 1714 -
357 1700 398 1721 ex
432 1689 535 1722 τοῦτο
571 1700 756 1728 suspensus
787 1695 828 1724 E.
855 1696 908 1726 11.

333 1736 375 1765 D.
401 1738 433 1763 et
456 1736 496 1767 E.
522 1737 600 1765 304.
625 1738 662 1765 A.

288 1795 327 1804 -—
357 1779 503 1808 nominis
534 1782 575 1808 ab
614 1779 782 1810 adiectivo
816 1780 909 1811 eiu!-

334 1824 404 1854 deni
421 1822 554 1861 generis
570 1823 717 1861 pendens
736 1825 774 1855 Ε.
787 1827 863 1857 290.
875 1828 909 1857 Β.

290 1885 331 1894 -
358 1869 534 1898 absolutus
566 1877 594 1901 c,
625 1869 817 1899 accusativo
851 1872 909 1901 ab·

337 1914 450 1942 soluto
476 1913 610 1942 iunctus
635 1911 673 1945 Ε.
700 1917 733 1943 4.
757 1915 797 1946 Ι).

290 1958 571 1990 Geoinetricu
595 1956 836 1989 demonstratio
859 1962 907 1993 M.

336 2006 388 2033 82.
416 2004 450 2032 Β.

290 2050 520 2079 Glossema
543 2045 583 2076 E.
609 2047 685 2078 273.
711 2047 752 2077 Ε.

290 2093 496 2130 Gorgias:
523 2091 735 2128 Empedoclis
758 2092 908 2132 discipu-

334 2138 388 2167 lus
413 2138 458 2166 M.
490 2137 543 2165 76.
569 2138 604 2165 C.

287 2198 331 2205 —
358 2189 393 2210 ve
424 2190 490 2210 non
526 2180 695 2217 professus
720 2182 773 2210 est
798 2183 907 2222 magi-

332 2230 437 2256 strum
465 2225 598 2253 virtutis
621 2226 667 2256 M.
694 2227 745 2255 71.
770 2227 810 2256 Ε.

286 2287 331 2294 -
355 2271 388 2299 ἱιι
415 2269 588 2299 Thessalia
611 2274 764 2300 versatus
788 2273 834 2301 Μ.
852 2274 905 2303 70.

332 2316 368 2344 Β.
394 2317 430 2344 C.
456 2316 509 2342 95.
536 2316 572 2342 C.

285 2375 327 2382 —-
355 2360 395 2388 nb
423 2357 682 2388 inconstantiam
707 2359 839 2390 ridetur
857 2363 905 2395 Μ.

287 2449 518 2488 Gorgones
541 2447 582 2476 E.
606 2447 682 2479 299.
709 2451 745 2480 C.

284 2611 557 2644 Harmodius
577 2601 903 2652 etAristogiton

328 2660 371 2689 li.
396 2660 472 2689 229.
498 2660 534 2690 C.

980 304 1236 379 Hggnarum
1274 307 1515 351 inscriptiones
1555 315 1599 347 n.

978 368 1207 425 Hiatus-in
1237 390 1305 428 ὑπὸ
1330 392 1375 429 ὦν
1396 402 1430 432 et
1452 400 1527 434 sim.
1554 404 1598 440 E.

977 437 1220 519 niss'pfssm
1259 485 1382 517 merua
1427 487 1470 521 ιι.
1519 491 1595 521 228.

980 527 1188 602 Ηὲἱῐῐιᾛὲἱιι
1213 572 1303 606 inuti.
1328 575 1477 608 Μμ100.
1501 579 1542 611 Α.

978 630 1019 637 -
1044 614 1117 644 eius
1134 618 1319 648 carminum
1333 621 1401 649 tntu
1416 622 1452 653 Η.
1465 624 1542 653 228.
1559 623 1596 654 Β.

977 658 1298 697 Hypotiieticae
1320 664 1597 702 disputatio-

1025 703 1098 733 nis
1121 705 1211 734 ratio
1237 708 1282 736 M.
1310 710 1364 738 86.
1389 709 1430 742 F..

979 748 1284 786 nypothctica
1300 753 1524 784 sententia
1548 755 1598 786 si-

1023 801 1066 823 ne
1088 790 1118 823 ti
1139 793 1188 825 M.
1213 795 1268 828 73.
1294 795 1334 826 Ι).
1357 800 1391 828 et
1406 799 1446 832 E.
1468 799 1597 835 300.Α.

1271 899 1310 948 I.

978 1007 1107 1039 {deae
1137 1009 1289 1043 Platonis
1319 1011 1355 1046 in
1387 1015 1597 1056 Euthydemo

1022 1053 1178 1093 Prolegg.
1204 1066 1234 1094 p.
1256 1059 1311 1089 41.

979 1098 1303 1135 imperativus:
1323 1102 1412 1134 εἶπον
1431 1106 1475 1135 M.
1494 1105 1595 1138 'Il-D.

982 1158 1010 1163 —
1046 1144 1084 1172 iu
1110 1146 1328 1177 concedendo
1353 1149 1386 1176 Ε,
1413 1150 1445 1178 9.
1469 1151 1504 1180 C.

978 1188 1308 1226 Imperfectum:
1332 1188 1439 1222 σῖνίει.
1465 1188 1598 1232 ἠφίειν

1022 1232 1068 1264 al.
1092 1233 1131 1263 E.
1157 1235 1234 1268 292.
1259 1236 1298 1267 Ε.
1324 1241 1357 1265 et
1383 1239 1456 1267 276.
1484 1239 1521 1268 Ι).

976 1289 1019 1298 —-
1041 1277 1095 1306 ubi
1121 1278 1162 1307 ad
1194 1287 1391 1318 praegressa
1415 1281 1597 1319 respicitur

1021 1320 1063 1352 Ε.
1088 1322 1166 1354 289.
1191 1327 1228 1354 C.
1258 1329 1292 1355 et
1316 1328 1362 1358 M.
1387 1327 1440 1358 88.
1465 1328 1507 1357 D.

975 1364 1282 1401 indicativus:
1318 1371 1424 1401 futuri
1461 1370 1498 1402 in
1541 1370 1595 1402 iu-

1019 1412 1148 1449 ten-og.
1171 1413 1219 1444 M.
1244 1415 1297 1445 92.
1321 1415 1362 1445 Α.

972 1468 1015 1476 -
1039 1454 1076 1484 in
1110 1459 1195 1487 orat.
1220 1458 1356 1495 obliqua
1368 1458 1408 1488 E.
1428 1460 1505 1490 287.
1529 1458 1572 1491 Ε.

975 1513 1015 1520 -
1045 1499 1107 1531 fut.
1139 1504 1217 1538 post
1247 1498 1307 1533 οὐκ
1336 1503 1398 1543 ἔχω
1427 1500 1450 1534 ὅ
1479 1514 1515 1534 τι
1550 1505 1592 1535 Ε.

1019 1544 1097 1573 287.
1120 1546 1156 1577 C.

974 1588 1267 1621 infinitivus.-
1292 1590 1366 1621 sine
1385 1590 1531 1621 articulo
1555 1590 1592 1621 in

1016 1633 1197 1670 epexegesi
1235 1635 1363 1671 positus
1407 1635 1447 1665 Ε.
1481 1637 1511 1665 5.
1552 1634 1593 1667 Ε.

1014 1676 1098 1706 ibid.
1125 1678 1178 1709 11.
1200 1679 1239 1708 A.
1266 1683 1299 1709 et
1323 1679 1363 1708 Ε.
1390 1681 1466 1709 286.
1491 1680 1533 1709 Ε.

970 1734 1015 1740 -
1038 1720 1112 1749 sine
1136 1719 1199 1751 τοῦ
1224 1725 1298 1759 post
1327 1724 1466 1753 nomina
1489 1724 1595 1756 sub-t.

1014 1769 1198 1802 usurpato?
1222 1767 1261 1798 E.
1286 1769 1364 1799 305.
1389 1770 1424 1797 C.

970 1822 1014 1829 —
1041 1812 1119 1846 post
1159 1807 1343 1851 πράγματα
1377 1806 1593 1853 προςτάττειν

1016 1861 1074 1890 per
1120 1857 1327 1895 epexegesin
1372 1856 1504 1895 positus
1545 1858 1592 1887 Μ.

1017 1899 1070 1928 76.
1096 1899 1133 1927 A.

971 1956 1010 1963 -—
1036 1945 1110 1979 post
1134 1937 1312 1983 ἐμπόδιον,
1333 1938 1470 1986 κώλυμα
1493 1944 1591 1986 εἶναι,

1018 1987 1060 2016 al.
1084 1987 1123 2016 E.
1149 1987 1224 2017 303.
1250 1989 1286 2017 C.

974 2045 1010 2051 —-
1041 2039 1083 2060 ex
1112 2030 1302 2068 parenthesi
1337 2040 1521 2070 suspensus
1550 2034 1591 2066 E.

1016 2076 1091 2104 280.
1118 2077 1159 2105 1).

969 2133 1011 2140 —
1036 2124 1109 2157 post
1132 2115 1155 2160 ἧ
1180 2120 1401 2157 praecedente
1429 2123 1530 2153 verbo
1553 2123 1589 2153 in

1019 2163 1104 2205 ‘ts—03*
1119 2175 1164 2204 M.
1192 2175 1245 2204 96.
1270 2176 1310 2205 D.

971 2234 1014 2242 —
1039 2219 1158 2248 aon-ist.
1202 2221 1236 2248 et
1279 2220 1344 2250 fut.
1384 2224 1459 2259 post
1489 2222 1591 2254 verba

1014 2263 1152 2301 putandi
1177 2263 1216 2293 Ε.
1242 2264 1319 2294 288.
1345 2267 1380 2295 (J.

968 2307 1314 2344 inscriptiones
1338 2311 1587 2343 Her-marum

1012 2354 1053 2382 H.
1079 2354 1153 2382 229.
1181 2353 1220 2382 Α.

969 2398 1122 2426 Iolaus
1146 2396 1185 2427 Ε.
1207 2397 1284 2427 297.
1307 2397 1349 2428 D.

970 2441 1294 2480 interrogatio:
1346 2441 1493 2480 repetita
1535 2445 1584 2477 M.

1014 2487 1067 2516 71.
1094 2487 1132 2515 Β.

966 2543 1010 2552 —
1035 2529 1070 2559 in
1102 2529 1316 2567 hypothetica
1342 2531 1511 2566 sententia
1537 2533 1585 2564 M.

1013 2575 1068 2604 87.
1095 2575 1130 2604 Β.

969 2620 1201 2649 Isocrates
1226 2618 1266 2649 E.
1292 2620 1367 2649 305.
1395 2622 1429 2649 C.

967 2663 1161 2702 Iupiter:
1184 2661 1375 2707 ἐλευθέριος
1389 2666 1583 2698 ΤΙι.121.Λ.
