<?xml version="1.0" encoding="UTF-8"?>
<!DOCTYPE html PUBLIC "-//W3C//DTD XHTML 1.0 Transitional//EN"
    "http://www.w3.org/TR/xhtml1/DTD/xhtml1-transitional.dtd">
<html xmlns="http://www.w3.org/1999/xhtml" xml:lang="en" lang="en">
 <head>
  <title>
</title>
<meta http-equiv="Content-Type" content="text/html;charset=utf-8" />
  <meta name='ocr-system' content='tesseract 3.04.00' />
  <meta name='ocr-capabilities' content='ocr_page ocr_carea ocr_par ocr_line ocrx_word'/>
</head>
<body>
  <div class='ocr_page' id='page_1' title='image "./operaomniarecens06platuoft/operaomniarecens06platuoft_0512.png"; bbox 0 0 1624 2904; ppageno 0'>
   <div class='ocr_carea' id='block_1_1' title="bbox 307 205 1155 252">
    <p class='ocr_par' dir='ltr' id='par_1_1' title="bbox 307 205 1155 252">
     <span class='ocr_line' id='line_1_1' title="bbox 307 205 1155 252; baseline 0.005 -6"><span class='ocrx_word' id='word_1_1' title='bbox 307 208 394 247; x_wconf 74' lang='lat' dir='ltr'><strong>2⁰ss</strong></span> <span class='ocrx_word' id='word_1_2' title='bbox 761 205 1155 252; x_wconf 74' lang='lat' dir='ltr'><strong>PRAEFATIO.</strong></span> 
     </span>
    </p>
   </div>
   <div class='ocr_carea' id='block_1_2' title="bbox 304 317 1624 1531">
    <p class='ocr_par' dir='ltr' id='par_1_2' title="bbox 304 317 1624 1531">
     <span class='ocr_line' id='line_1_2' title="bbox 310 317 1610 371; baseline 0.003 -17"><span class='ocrx_word' id='word_1_3' title='bbox 310 317 465 368; x_wconf 85' lang='lat' dir='ltr'><strong>plorum</strong></span> <span class='ocrx_word' id='word_1_4' title='bbox 495 318 738 357; x_wconf 78' lang='lat' dir='ltr'>enumeratio</span> <span class='ocrx_word' id='word_1_5' title='bbox 767 330 1050 369; x_wconf 78' lang='lat' dir='ltr'><strong>saepenumero</strong></span> <span class='ocrx_word' id='word_1_6' title='bbox 1087 323 1165 358; x_wconf 84' lang='lat' dir='ltr'><strong>tam</strong></span> <span class='ocrx_word' id='word_1_7' title='bbox 1199 319 1406 359; x_wconf 71' lang='lat' dir='ltr'><strong>fastidiose</strong></span> <span class='ocrx_word' id='word_1_8' title='bbox 1434 321 1610 371; x_wconf 81' lang='lat' dir='ltr'><strong>copiosa,</strong></span> 
     </span>
     <span class='ocr_line' id='line_1_3' title="bbox 310 374 1611 426; baseline 0.002 -15"><span class='ocrx_word' id='word_1_9' title='bbox 310 377 627 424; x_wconf 85' lang='lat' dir='ltr'><strong>argumentorum</strong></span> <span class='ocrx_word' id='word_1_10' title='bbox 655 374 925 419; x_wconf 75' lang='lat' dir='ltr'>conclusiones</span> <span class='ocrx_word' id='word_1_11' title='bbox 955 379 1033 415; x_wconf 86' lang='lat' dir='ltr'><strong>tam</strong></span> <span class='ocrx_word' id='word_1_12' title='bbox 1062 379 1223 426; x_wconf 81' lang='lat' dir='ltr'><strong>argutae</strong></span> <span class='ocrx_word' id='word_1_13' title='bbox 1243 381 1283 413; x_wconf 74' lang='lat' dir='ltr'><strong>et</strong></span> <span class='ocrx_word' id='word_1_14' title='bbox 1312 377 1506 424; x_wconf 79' lang='lat' dir='ltr'><strong>inficetac,</strong></span> <span class='ocrx_word' id='word_1_15' title='bbox 1536 377 1611 414; x_wconf 86' lang='lat' dir='ltr'><strong>de-</strong></span> 
     </span>
     <span class='ocr_line' id='line_1_4' title="bbox 312 427 1608 481; baseline 0.004 -16"><span class='ocrx_word' id='word_1_16' title='bbox 312 427 503 466; x_wconf 82' lang='lat' dir='ltr'><strong>clamandi</strong></span> <span class='ocrx_word' id='word_1_17' title='bbox 538 429 660 467; x_wconf 86' lang='lat' dir='ltr'><strong>inanis</strong></span> <span class='ocrx_word' id='word_1_18' title='bbox 688 430 861 480; x_wconf 86' lang='lat' dir='ltr'><strong>pruritus</strong></span> <span class='ocrx_word' id='word_1_19' title='bbox 892 431 989 469; x_wconf 84' lang='lat' dir='ltr'><strong>adeo</strong></span> <span class='ocrx_word' id='word_1_20' title='bbox 1020 431 1230 477; x_wconf 76' lang='lat' dir='ltr'><strong>molestus,</strong></span> <span class='ocrx_word' id='word_1_21' title='bbox 1260 431 1427 481; x_wconf 81' lang='lat' dir='ltr'><strong>denique</strong></span> <span class='ocrx_word' id='word_1_22' title='bbox 1456 433 1608 470; x_wconf 76' lang='lat' dir='ltr'><strong>univer-</strong></span> 
     </span>
     <span class='ocr_line' id='line_1_5' title="bbox 312 483 1610 536; baseline 0.002 -14"><span class='ocrx_word' id='word_1_23' title='bbox 312 497 380 522; x_wconf 83' lang='lat' dir='ltr'><strong>sae</strong></span> <span class='ocrx_word' id='word_1_24' title='bbox 409 483 681 534; x_wconf 71' lang='lat' dir='ltr'><strong>disputationis</strong></span> <span class='ocrx_word' id='word_1_25' title='bbox 702 485 788 522; x_wconf 88' lang='lat' dir='ltr'><strong>finis</strong></span> <span class='ocrx_word' id='word_1_26' title='bbox 817 485 914 522; x_wconf 80' lang='lat' dir='ltr'><strong>adeo</strong></span> <span class='ocrx_word' id='word_1_27' title='bbox 942 496 1059 536; x_wconf 71' lang='lat' dir='ltr'><strong>vagus</strong></span> <span class='ocrx_word' id='word_1_28' title='bbox 1080 500 1123 523; x_wconf 85' lang='lat' dir='ltr'><strong>ac</strong></span> <span class='ocrx_word' id='word_1_29' title='bbox 1155 488 1436 536; x_wconf 79' lang='lat' dir='ltr'><strong>propemodum</strong></span> <span class='ocrx_word' id='word_1_30' title='bbox 1467 487 1610 534; x_wconf 88' lang='lat' dir='ltr'><strong>nullus,</strong></span> 
     </span>
     <span class='ocr_line' id='line_1_6' title="bbox 313 538 1608 592; baseline 0.003 -16"><span class='ocrx_word' id='word_1_31' title='bbox 313 544 357 576; x_wconf 78' lang='lat' dir='ltr'><strong>ut</strong></span> <span class='ocrx_word' id='word_1_32' title='bbox 385 551 461 576; x_wconf 86' lang='lat' dir='ltr'><strong>non</strong></span> <span class='ocrx_word' id='word_1_33' title='bbox 491 540 605 578; x_wconf 88' lang='lat' dir='ltr'><strong>modo</strong></span> <span class='ocrx_word' id='word_1_34' title='bbox 635 538 747 578; x_wconf 88' lang='lat' dir='ltr'><strong>Plato</strong></span> <span class='ocrx_word' id='word_1_35' title='bbox 788 540 859 578; x_wconf 86' lang='lat' dir='ltr'><strong>sed</strong></span> <span class='ocrx_word' id='word_1_36' title='bbox 889 553 936 578; x_wconf 87' lang='lat' dir='ltr'><strong>ue</strong></span> <span class='ocrx_word' id='word_1_37' title='bbox 966 542 1129 591; x_wconf 77' lang='lat' dir='ltr'><strong>politior</strong></span> <span class='ocrx_word' id='word_1_38' title='bbox 1162 543 1316 590; x_wconf 74' lang='lat' dir='ltr'><strong>quidem</strong></span> <span class='ocrx_word' id='word_1_39' title='bbox 1346 543 1483 592; x_wconf 80' lang='lat' dir='ltr'><strong>aliquis</strong></span> <span class='ocrx_word' id='word_1_40' title='bbox 1513 543 1608 580; x_wconf 78' lang='lat' dir='ltr'><strong>civis</strong></span> 
     </span>
     <span class='ocr_line' id='line_1_7' title="bbox 313 595 1608 645; baseline 0 -11"><span class='ocrx_word' id='word_1_41' title='bbox 313 595 564 634; x_wconf 75' lang='lat' dir='ltr'><strong>Atheniensis</strong></span> <span class='ocrx_word' id='word_1_42' title='bbox 595 595 673 633; x_wconf 82' lang='lat' dir='ltr'><strong>tale</strong></span> <span class='ocrx_word' id='word_1_43' title='bbox 713 608 811 645; x_wconf 89' lang='lat' dir='ltr'><strong>opus</strong></span> <span class='ocrx_word' id='word_1_44' title='bbox 841 598 1111 645; x_wconf 84' lang='lat' dir='ltr'><strong>composuisse</strong></span> <span class='ocrx_word' id='word_1_45' title='bbox 1139 598 1328 635; x_wconf 75' lang='lat' dir='ltr'><strong>videatur.</strong></span> <span class='ocrx_word' id='word_1_46' title='bbox 1386 598 1463 634; x_wconf 84' lang='lat' dir='ltr'><strong>Sed</strong></span> <span class='ocrx_word' id='word_1_47' title='bbox 1494 598 1608 634; x_wconf 85' lang='lat' dir='ltr'><strong>nimi-</strong></span> 
     </span>
     <span class='ocr_line' id='line_1_8' title="bbox 312 649 1610 702; baseline 0.001 -14"><span class='ocrx_word' id='word_1_48' title='bbox 312 664 398 689; x_wconf 90' lang='lat' dir='ltr'><strong>rum</strong></span> <span class='ocrx_word' id='word_1_49' title='bbox 426 651 542 689; x_wconf 82' lang='lat' dir='ltr'><strong>latuit</strong></span> <span class='ocrx_word' id='word_1_50' title='bbox 569 649 671 689; x_wconf 90' lang='lat' dir='ltr'><strong>hand</strong></span> <span class='ocrx_word' id='word_1_51' title='bbox 700 651 815 688; x_wconf 86' lang='lat' dir='ltr'><strong>dubie</strong></span> <span class='ocrx_word' id='word_1_52' title='bbox 844 653 919 688; x_wconf 80' lang='lat' dir='ltr'><strong>istc</strong></span> <span class='ocrx_word' id='word_1_53' title='bbox 950 657 1061 689; x_wconf 88' lang='lat' dir='ltr'><strong>sutor</strong></span> <span class='ocrx_word' id='word_1_54' title='bbox 1092 658 1226 689; x_wconf 85' lang='lat' dir='ltr'><strong>noster</strong></span> <span class='ocrx_word' id='word_1_55' title='bbox 1254 654 1290 690; x_wconf 91' lang='lat' dir='ltr'><strong>iu</strong></span> <span class='ocrx_word' id='word_1_56' title='bbox 1321 653 1454 689; x_wconf 83' lang='lat' dir='ltr'><strong>schola</strong></span> <span class='ocrx_word' id='word_1_57' title='bbox 1483 653 1610 702; x_wconf 84' lang='lat' dir='ltr'><strong>aliqua</strong></span> 
     </span>
     <span class='ocr_line' id='line_1_9' title="bbox 311 706 1610 758; baseline 0 -14"><span class='ocrx_word' id='word_1_58' title='bbox 311 706 516 744; x_wconf 83' lang='lat' dir='ltr'><strong>rhetorum</strong></span> <span class='ocrx_word' id='word_1_59' title='bbox 556 707 789 757; x_wconf 84' lang='lat' dir='ltr'><strong>posterioris</strong></span> <span class='ocrx_word' id='word_1_60' title='bbox 819 707 979 751; x_wconf 77' lang='lat' dir='ltr'><strong>aetatis,</strong></span> <span class='ocrx_word' id='word_1_61' title='bbox 1017 707 1118 743; x_wconf 86' lang='lat' dir='ltr'><strong>uude</strong></span> <span class='ocrx_word' id='word_1_62' title='bbox 1151 708 1369 744; x_wconf 75' lang='lat' dir='ltr'><strong>istiusmodi</strong></span> <span class='ocrx_word' id='word_1_63' title='bbox 1399 709 1610 758; x_wconf 79' lang='lat' dir='ltr'><strong>specimina</strong></span> 
     </span>
     <span class='ocr_line' id='line_1_10' title="bbox 315 761 1609 812; baseline 0 -13"><span class='ocrx_word' id='word_1_64' title='bbox 315 761 544 800; x_wconf 86' lang='lat' dir='ltr'><strong>eruditionis</strong></span> <span class='ocrx_word' id='word_1_65' title='bbox 574 775 619 799; x_wconf 83' lang='lat' dir='ltr'><strong>ac</strong></span> <span class='ocrx_word' id='word_1_66' title='bbox 647 762 849 800; x_wconf 79' lang='lat' dir='ltr'><strong>doctrinae</strong></span> <span class='ocrx_word' id='word_1_67' title='bbox 878 774 952 798; x_wconf 82' lang='lat' dir='ltr'><strong>nou</strong></span> <span class='ocrx_word' id='word_1_68' title='bbox 994 775 1111 811; x_wconf 81' lang='lat' dir='ltr'><strong>pauca</strong></span> <span class='ocrx_word' id='word_1_69' title='bbox 1142 763 1336 812; x_wconf 77' lang='lat' dir='ltr'><strong>prodiisse</strong></span> <span class='ocrx_word' id='word_1_70' title='bbox 1366 764 1609 812; x_wconf 82' lang='lat' dir='ltr'><strong>exploratum</strong></span> 
     </span>
     <span class='ocr_line' id='line_1_11' title="bbox 310 817 1611 867; baseline 0 -12"><span class='ocrx_word' id='word_1_71' title='bbox 310 817 512 856; x_wconf 60' lang='lat' dir='ltr'><strong>habemus</strong></span> <span class='ocrx_word' id='word_1_72' title='bbox 569 818 692 866; x_wconf 74' lang='lat' dir='ltr'><strong>Quam</strong></span> <span class='ocrx_word' id='word_1_73' title='bbox 731 818 995 867; x_wconf 69' lang='lat' dir='ltr'><strong>suspicionem</strong></span> <span class='ocrx_word' id='word_1_74' title='bbox 1025 830 1138 866; x_wconf 86' lang='lat' dir='ltr'><strong>quum</strong></span> <span class='ocrx_word' id='word_1_75' title='bbox 1169 819 1337 855; x_wconf 84' lang='lat' dir='ltr'><strong>universi</strong></span> <span class='ocrx_word' id='word_1_76' title='bbox 1366 818 1454 855; x_wconf 84' lang='lat' dir='ltr'><strong>libri</strong></span> <span class='ocrx_word' id='word_1_77' title='bbox 1483 819 1611 855; x_wconf 86' lang='lat' dir='ltr'><strong>forma</strong></span> 
     </span>
     <span class='ocr_line' id='line_1_12' title="bbox 311 873 1611 922; baseline 0 -12"><span class='ocrx_word' id='word_1_78' title='bbox 311 877 354 911; x_wconf 90' lang='lat' dir='ltr'><strong>et</strong></span> <span class='ocrx_word' id='word_1_79' title='bbox 382 873 483 910; x_wconf 88' lang='lat' dir='ltr'><strong>ratio</strong></span> <span class='ocrx_word' id='word_1_80' title='bbox 511 884 668 910; x_wconf 76' lang='lat' dir='ltr'><strong>morere</strong></span> <span class='ocrx_word' id='word_1_81' title='bbox 698 873 847 921; x_wconf 81' lang='lat' dir='ltr'><strong>possit,</strong></span> <span class='ocrx_word' id='word_1_82' title='bbox 884 876 964 910; x_wconf 88' lang='lat' dir='ltr'><strong>tum</strong></span> <span class='ocrx_word' id='word_1_83' title='bbox 995 873 1137 910; x_wconf 81' lang='lat' dir='ltr'><strong>excitat</strong></span> <span class='ocrx_word' id='word_1_84' title='bbox 1167 873 1282 910; x_wconf 85' lang='lat' dir='ltr'><strong>ctiam</strong></span> <span class='ocrx_word' id='word_1_85' title='bbox 1320 878 1438 922; x_wconf 81' lang='lat' dir='ltr'><strong>atque</strong></span> <span class='ocrx_word' id='word_1_86' title='bbox 1466 874 1611 910; x_wconf 85' lang='lat' dir='ltr'><strong>contir-</strong></span> 
     </span>
     <span class='ocr_line' id='line_1_13' title="bbox 311 927 1612 978; baseline -0.001 -12"><span class='ocrx_word' id='word_1_87' title='bbox 311 932 392 967; x_wconf 71' lang='lat' dir='ltr'><strong>mat</strong></span> <span class='ocrx_word' id='word_1_88' title='bbox 421 927 703 977; x_wconf 82' lang='lat' dir='ltr'><strong>quodammodo</strong></span> <span class='ocrx_word' id='word_1_89' title='bbox 731 927 908 965; x_wconf 87' lang='lat' dir='ltr'><strong>locorum</strong></span> <span class='ocrx_word' id='word_1_90' title='bbox 928 928 1164 977; x_wconf 81' lang='lat' dir='ltr'><strong>quorundam</strong></span> <span class='ocrx_word' id='word_1_91' title='bbox 1194 929 1371 973; x_wconf 72' lang='lat' dir='ltr'><strong>imitatio,</strong></span> <span class='ocrx_word' id='word_1_92' title='bbox 1402 930 1464 978; x_wconf 89' lang='lat' dir='ltr'><strong>qui</strong></span> <span class='ocrx_word' id='word_1_93' title='bbox 1494 928 1612 965; x_wconf 84' lang='lat' dir='ltr'><strong>hodie</strong></span> 
     </span>
     <span class='ocr_line' id='line_1_14' title="bbox 311 982 1610 1033; baseline -0.001 -12"><span class='ocrx_word' id='word_1_94' title='bbox 311 983 438 1021; x_wconf 80' lang='lat' dir='ltr'><strong>adhuc</strong></span> <span class='ocrx_word' id='word_1_95' title='bbox 481 983 520 1020; x_wconf 91' lang='lat' dir='ltr'><strong>in</strong></span> <span class='ocrx_word' id='word_1_96' title='bbox 557 983 750 1032; x_wconf 83' lang='lat' dir='ltr'><strong>germanis</strong></span> <span class='ocrx_word' id='word_1_97' title='bbox 788 982 964 1020; x_wconf 81' lang='lat' dir='ltr'><strong>Platonis</strong></span> <span class='ocrx_word' id='word_1_98' title='bbox 1003 984 1160 1032; x_wconf 84' lang='lat' dir='ltr'><strong>scriptis</strong></span> <span class='ocrx_word' id='word_1_99' title='bbox 1210 983 1405 1032; x_wconf 83' lang='lat' dir='ltr'><strong>leguntur.</strong></span> <span class='ocrx_word' id='word_1_100' title='bbox 1471 983 1610 1033; x_wconf 80' lang='lat' dir='ltr'><strong>Neque</strong></span> 
     </span>
     <span class='ocr_line' id='line_1_15' title="bbox 311 1037 1610 1087; baseline 0.001 -12"><span class='ocrx_word' id='word_1_101' title='bbox 311 1039 415 1076; x_wconf 89' lang='lat' dir='ltr'><strong>enim</strong></span> <span class='ocrx_word' id='word_1_102' title='bbox 443 1038 656 1076; x_wconf 86' lang='lat' dir='ltr'><strong>verisimile</strong></span> <span class='ocrx_word' id='word_1_103' title='bbox 685 1042 748 1075; x_wconf 85' lang='lat' dir='ltr'><strong>est</strong></span> <span class='ocrx_word' id='word_1_104' title='bbox 776 1050 1008 1087; x_wconf 86' lang='lat' dir='ltr'><strong>quemquam</strong></span> <span class='ocrx_word' id='word_1_105' title='bbox 1037 1037 1200 1076; x_wconf 88' lang='lat' dir='ltr'><strong>Platone</strong></span> <span class='ocrx_word' id='word_1_106' title='bbox 1237 1039 1362 1075; x_wconf 84' lang='lat' dir='ltr'><strong>adhuc</strong></span> <span class='ocrx_word' id='word_1_107' title='bbox 1390 1039 1473 1075; x_wconf 74' lang='lat' dir='ltr'><strong>vivo</strong></span> <span class='ocrx_word' id='word_1_108' title='bbox 1496 1040 1610 1077; x_wconf 76' lang='lat' dir='ltr'><strong>istam</strong></span> 
     </span>
     <span class='ocr_line' id='line_1_16' title="bbox 310 1090 1600 1142; baseline -0.001 -11"><span class='ocrx_word' id='word_1_109' title='bbox 310 1092 486 1131; x_wconf 87' lang='lat' dir='ltr'><strong>imitandi</strong></span> <span class='ocrx_word' id='word_1_110' title='bbox 512 1094 703 1131; x_wconf 87' lang='lat' dir='ltr'><strong>rationem</strong></span> <span class='ocrx_word' id='word_1_111' title='bbox 729 1093 995 1142; x_wconf 81' lang='lat' dir='ltr'><strong>amplexurum</strong></span> <span class='ocrx_word' id='word_1_112' title='bbox 1018 1090 1155 1132; x_wconf 81' lang='lat' dir='ltr'><strong>fuisse.</strong></span> <span class='ocrx_word' id='word_1_113' title='bbox 1213 1093 1291 1131; x_wconf 83' lang='lat' dir='ltr'><strong>Sed</strong></span> <span class='ocrx_word' id='word_1_114' title='bbox 1322 1093 1493 1142; x_wconf 82' lang='lat' dir='ltr'><strong>quisquis</strong></span> <span class='ocrx_word' id='word_1_115' title='bbox 1521 1094 1600 1131; x_wconf 84' lang='lat' dir='ltr'><strong>sue·</strong></span> 
     </span>
     <span class='ocr_line' id='line_1_17' title="bbox 311 1147 1609 1198; baseline 0 -11"><span class='ocrx_word' id='word_1_116' title='bbox 311 1149 365 1187; x_wconf 85' lang='lat' dir='ltr'><strong>rit</strong></span> <span class='ocrx_word' id='word_1_117' title='bbox 400 1151 537 1186; x_wconf 87' lang='lat' dir='ltr'><strong>auctor</strong></span> <span class='ocrx_word' id='word_1_118' title='bbox 575 1147 720 1195; x_wconf 90' lang='lat' dir='ltr'><strong>libelli,</strong></span> <span class='ocrx_word' id='word_1_119' title='bbox 757 1154 868 1186; x_wconf 88' lang='lat' dir='ltr'><strong>certe</strong></span> <span class='ocrx_word' id='word_1_120' title='bbox 897 1149 1020 1186; x_wconf 91' lang='lat' dir='ltr'><strong>multo</strong></span> <span class='ocrx_word' id='word_1_121' title='bbox 1050 1149 1165 1186; x_wconf 85' lang='lat' dir='ltr'><strong>etiam</strong></span> <span class='ocrx_word' id='word_1_122' title='bbox 1193 1149 1364 1198; x_wconf 81' lang='lat' dir='ltr'><strong>ineptior</strong></span> <span class='ocrx_word' id='word_1_123' title='bbox 1393 1149 1468 1186; x_wconf 85' lang='lat' dir='ltr'><strong>suit</strong></span> <span class='ocrx_word' id='word_1_124' title='bbox 1498 1161 1609 1198; x_wconf 77' lang='lat' dir='ltr'><strong>quam</strong></span> 
     </span>
     <span class='ocr_line' id='line_1_18' title="bbox 311 1203 1611 1255; baseline 0 -14"><span class='ocrx_word' id='word_1_125' title='bbox 311 1204 378 1255; x_wconf 84' lang='lat' dir='ltr'><strong>qui</strong></span> <span class='ocrx_word' id='word_1_126' title='bbox 405 1204 566 1254; x_wconf 86' lang='lat' dir='ltr'><strong>scripsit</strong></span> <span class='ocrx_word' id='word_1_127' title='bbox 592 1203 795 1254; x_wconf 82' lang='lat' dir='ltr'><strong>Theagem</strong></span> <span class='ocrx_word' id='word_1_128' title='bbox 838 1208 878 1242; x_wconf 88' lang='lat' dir='ltr'><strong>et</strong></span> <span class='ocrx_word' id='word_1_129' title='bbox 909 1203 1079 1241; x_wconf 70' lang='lat' dir='ltr'><strong>Flu-astas.</strong></span> <span class='ocrx_word' id='word_1_130' title='bbox 1137 1203 1328 1252; x_wconf 78' lang='lat' dir='ltr'><strong>Quocirca</strong></span> <span class='ocrx_word' id='word_1_131' title='bbox 1357 1216 1432 1241; x_wconf 92' lang='lat' dir='ltr'><strong>non</strong></span> <span class='ocrx_word' id='word_1_132' title='bbox 1459 1205 1611 1247; x_wconf 82' lang='lat' dir='ltr'><strong>incom-</strong></span> 
     </span>
     <span class='ocr_line' id='line_1_19' title="bbox 307 1258 1624 1308; baseline -0.001 -10"><span class='ocrx_word' id='word_1_133' title='bbox 307 1258 424 1298; x_wconf 86' lang='lat' dir='ltr'><strong>mode</strong></span> <span class='ocrx_word' id='word_1_134' title='bbox 440 1259 552 1297; x_wconf 88' lang='lat' dir='ltr'><strong>hisce</strong></span> <span class='ocrx_word' id='word_1_135' title='bbox 575 1258 727 1297; x_wconf 87' lang='lat' dir='ltr'><strong>duobus</strong></span> <span class='ocrx_word' id='word_1_136' title='bbox 757 1260 941 1308; x_wconf 86' lang='lat' dir='ltr'><strong>operibus</strong></span> <span class='ocrx_word' id='word_1_137' title='bbox 959 1259 1111 1296; x_wconf 88' lang='lat' dir='ltr'><strong>additus</strong></span> <span class='ocrx_word' id='word_1_138' title='bbox 1133 1272 1222 1296; x_wconf 80' lang='lat' dir='ltr'><strong>esse</strong></span> <span class='ocrx_word' id='word_1_139' title='bbox 1251 1259 1454 1299; x_wconf 74' lang='lat' dir='ltr'><strong>videbitur.</strong></span> <span class='ocrx_word' id='word_1_140' title='bbox 1512 1258 1624 1298; x_wconf 73' lang='lat' dir='ltr'><strong>Nam&#39;</strong></span> 
     </span>
     <span class='ocr_line' id='line_1_20' title="bbox 304 1315 1624 1362; baseline -0.001 -9"><span class='ocrx_word' id='word_1_141' title='bbox 304 1318 350 1353; x_wconf 84' lang='lat' dir='ltr'><strong>ut</strong></span> <span class='ocrx_word' id='word_1_142' title='bbox 384 1319 493 1352; x_wconf 88' lang='lat' dir='ltr'><strong>totus</strong></span> <span class='ocrx_word' id='word_1_143' title='bbox 533 1327 555 1352; x_wconf 92' lang='lat' dir='ltr'><strong>e</strong></span> <span class='ocrx_word' id='word_1_144' title='bbox 598 1319 734 1352; x_wconf 78' lang='lat' dir='ltr'><strong>nostra</strong></span> <span class='ocrx_word' id='word_1_145' title='bbox 772 1315 1008 1352; x_wconf 79' lang='lat' dir='ltr'><strong>collectione</strong></span> <span class='ocrx_word' id='word_1_146' title='bbox 1045 1315 1243 1362; x_wconf 70' lang='lat' dir='ltr'><strong>exularet,</strong></span> <span class='ocrx_word' id='word_1_147' title='bbox 1286 1315 1376 1351; x_wconf 81' lang='lat' dir='ltr'><strong>ideo</strong></span> <span class='ocrx_word' id='word_1_148' title='bbox 1417 1326 1493 1352; x_wconf 89' lang='lat' dir='ltr'><strong>nou</strong></span> <span class='ocrx_word' id='word_1_149' title='bbox 1534 1315 1624 1352; x_wconf 70' lang='lat' dir='ltr'><strong>fuit&#39;</strong></span> 
     </span>
     <span class='ocr_line' id='line_1_21' title="bbox 304 1368 1608 1421; baseline 0 -14"><span class='ocrx_word' id='word_1_150' title='bbox 304 1368 540 1421; x_wconf 81' lang='lat' dir='ltr'><strong>optandum,</strong></span> <span class='ocrx_word' id='word_1_151' title='bbox 571 1370 660 1419; x_wconf 86' lang='lat' dir='ltr'><strong>quia</strong></span> <span class='ocrx_word' id='word_1_152' title='bbox 687 1382 763 1407; x_wconf 92' lang='lat' dir='ltr'><strong>non</strong></span> <span class='ocrx_word' id='word_1_153' title='bbox 793 1371 904 1420; x_wconf 76' lang='lat' dir='ltr'><strong>pauci</strong></span> <span class='ocrx_word' id='word_1_154' title='bbox 933 1370 1076 1419; x_wconf 81' lang='lat' dir='ltr'><strong>aliquid</strong></span> <span class='ocrx_word' id='word_1_155' title='bbox 1106 1371 1224 1419; x_wconf 80' lang='lat' dir='ltr'><strong>pretii</strong></span> <span class='ocrx_word' id='word_1_156' title='bbox 1251 1374 1425 1408; x_wconf 85' lang='lat' dir='ltr'><strong>statuunt</strong></span> <span class='ocrx_word' id='word_1_157' title='bbox 1455 1371 1510 1407; x_wconf 87' lang='lat' dir='ltr'><strong>illi</strong></span> <span class='ocrx_word' id='word_1_158' title='bbox 1539 1370 1608 1407; x_wconf 87' lang='lat' dir='ltr'><strong>de-</strong></span> 
     </span>
     <span class='ocr_line' id='line_1_22' title="bbox 304 1425 1610 1476; baseline 0 -13"><span class='ocrx_word' id='word_1_159' title='bbox 304 1426 528 1464; x_wconf 83' lang='lat' dir='ltr'><strong>clamationi</strong></span> <span class='ocrx_word' id='word_1_160' title='bbox 565 1425 654 1462; x_wconf 88' lang='lat' dir='ltr'><strong>inde</strong></span> <span class='ocrx_word' id='word_1_161' title='bbox 690 1438 712 1462; x_wconf 88' lang='lat' dir='ltr'><strong>a</strong></span> <span class='ocrx_word' id='word_1_162' title='bbox 749 1438 789 1475; x_wconf 73' lang='lat' dir='ltr'><strong>p,</strong></span> <span class='ocrx_word' id='word_1_163' title='bbox 828 1426 920 1462; x_wconf 68' lang='lat'>22¹8.</span> <span class='ocrx_word' id='word_1_164' title='bbox 959 1425 1003 1463; x_wconf 90' lang='lat' dir='ltr'><strong>B.</strong></span> <span class='ocrx_word' id='word_1_165' title='bbox 1034 1425 1083 1461; x_wconf 87' lang='lat' dir='ltr'><strong>de</strong></span> <span class='ocrx_word' id='word_1_166' title='bbox 1113 1425 1365 1475; x_wconf 81' lang='lat' dir='ltr'><strong>Hipparcho,</strong></span> <span class='ocrx_word' id='word_1_167' title='bbox 1404 1426 1507 1463; x_wconf 83' lang='lat' dir='ltr'><strong>unde</strong></span> <span class='ocrx_word' id='word_1_168' title='bbox 1534 1425 1610 1476; x_wconf 87' lang='lat' dir='ltr'><strong>ipsi</strong></span> 
     </span>
     <span class='ocr_line' id='line_1_23' title="bbox 304 1479 1460 1531; baseline 0 -11"><span class='ocrx_word' id='word_1_169' title='bbox 304 1479 442 1521; x_wconf 86' lang='lat' dir='ltr'><strong>libello</strong></span> <span class='ocrx_word' id='word_1_170' title='bbox 469 1493 612 1521; x_wconf 86' lang='lat' dir='ltr'><strong>nomeu</strong></span> <span class='ocrx_word' id='word_1_171' title='bbox 640 1480 861 1531; x_wconf 82' lang='lat' dir='ltr'><strong>Hipparchi</strong></span> <span class='ocrx_word' id='word_1_172' title='bbox 888 1481 1134 1531; x_wconf 85' lang='lat' dir='ltr'><strong>ineptissime</strong></span> <span class='ocrx_word' id='word_1_173' title='bbox 1165 1481 1354 1519; x_wconf 84' lang='lat' dir='ltr'><strong>tributum</strong></span> <span class='ocrx_word' id='word_1_174' title='bbox 1383 1485 1460 1521; x_wconf 80' lang='lat' dir='ltr'><strong>est.</strong></span> 
     </span>
    </p>
   </div>
   <div class='ocr_carea' id='block_1_3' title="bbox 391 1634 1624 1793">
    <p class='ocr_par' dir='ltr' id='par_1_3' title="bbox 391 1634 1624 1793">
     <span class='ocr_line' id='line_1_24' title="bbox 391 1634 1445 1706; baseline 0 0"><span class='ocrx_word' id='word_1_175' title='bbox 391 1641 393 1646; x_wconf 65' lang='grc'>’</span> <span class='ocrx_word' id='word_1_176' title='bbox 462 1665 690 1706; x_wconf 68' lang='lat' dir='ltr'><strong>comeus</strong></span> <span class='ocrx_word' id='word_1_177' title='bbox 717 1666 786 1706; x_wconf 83' lang='lat' dir='ltr'><strong>AD</strong></span> <span class='ocrx_word' id='word_1_178' title='bbox 816 1665 1173 1706; x_wconf 69' lang='lat' dir='ltr'><strong>nwmncnmu</strong></span> <span class='ocrx_word' id='word_1_179' title='bbox 1204 1634 1445 1706; x_wconf 56' lang='lat' dir='ltr'><strong>contari.</strong></span> 
     </span>
     <span class='ocr_line' id='line_1_25' title="bbox 417 1716 1624 1793; baseline 0 -12"><span class='ocrx_word' id='word_1_180' title='bbox 417 1741 739 1781; x_wconf 87' lang='lat' dir='ltr'><strong>Bodleiauus</strong></span> <span class='ocrx_word' id='word_1_181' title='bbox 770 1757 801 1784; x_wconf 84' lang='lat' dir='ltr'><strong>s.</strong></span> <span class='ocrx_word' id='word_1_182' title='bbox 834 1743 1160 1790; x_wconf 83' lang='lat' dir='ltr'><strong>Clarkianus,</strong></span> <span class='ocrx_word' id='word_1_183' title='bbox 1190 1754 1354 1793; x_wconf 85' lang='lat' dir='ltr'><strong>quocum</strong></span> <span class='ocrx_word' id='word_1_184' title='bbox 1384 1742 1474 1780; x_wconf 80' lang='lat' dir='ltr'><strong>scre</strong></span> <span class='ocrx_word' id='word_1_185' title='bbox 1501 1716 1624 1785; x_wconf 67' lang='lat' dir='ltr'><strong>sem-t</strong></span> 
     </span>
    </p>
   </div>
   <div class='ocr_carea' id='block_1_4' title="bbox 286 1785 1624 2457">
    <p class='ocr_par' dir='ltr' id='par_1_4' title="bbox 286 1785 1624 2457">
     <span class='ocr_line' id='line_1_26' title="bbox 306 1785 1624 1855; baseline -0.002 -18"><span class='ocrx_word' id='word_1_186' title='bbox 306 1810 382 1851; x_wconf 87' lang='lat' dir='ltr'><strong>per</strong></span> <span class='ocrx_word' id='word_1_187' title='bbox 421 1803 638 1848; x_wconf 80' lang='lat' dir='ltr'><strong>congruunt</strong></span> <span class='ocrx_word' id='word_1_188' title='bbox 677 1798 782 1839; x_wconf 82' lang='lat' dir='ltr'><strong>vat.</strong></span> <span class='ocrx_word' id='word_1_189' title='bbox 812 1799 858 1838; x_wconf 84' lang='lat' dir='ltr'><strong>A.</strong></span> <span class='ocrx_word' id='word_1_190' title='bbox 895 1798 1014 1839; x_wconf 88' lang='lat' dir='ltr'><strong>Ven.</strong></span> <span class='ocrx_word' id='word_1_191' title='bbox 1053 1797 1112 1836; x_wconf 82' lang='lat' dir='ltr'><strong>Is.</strong></span> <span class='ocrx_word' id='word_1_192' title='bbox 1151 1798 1252 1838; x_wconf 85' lang='lat' dir='ltr'><strong>Par.</strong></span> <span class='ocrx_word' id='word_1_193' title='bbox 1289 1798 1337 1838; x_wconf 84' lang='lat' dir='ltr'><strong>G.</strong></span> <span class='ocrx_word' id='word_1_194' title='bbox 1397 1798 1446 1836; x_wconf 79' lang='lat' dir='ltr'><strong>Hi</strong></span> <span class='ocrx_word' id='word_1_195' title='bbox 1488 1785 1624 1855; x_wconf 60' lang='lat' dir='ltr'><strong>igitur-fi</strong></span> 
     </span>
     <span class='ocr_line' id='line_1_27' title="bbox 308 1851 1611 1906; baseline 0 -14"><span class='ocrx_word' id='word_1_196' title='bbox 308 1854 638 1906; x_wconf 79' lang='lat' dir='ltr'><strong>praestantissimi</strong></span> <span class='ocrx_word' id='word_1_197' title='bbox 681 1859 783 1894; x_wconf 83' lang='lat' dir='ltr'><strong>sunt.</strong></span> <span class='ocrx_word' id='word_1_198' title='bbox 850 1853 1074 1903; x_wconf 85' lang='lat' dir='ltr'><strong>Sequuntur</strong></span> <span class='ocrx_word' id='word_1_199' title='bbox 1113 1853 1312 1892; x_wconf 85' lang='lat' dir='ltr'><strong>coislin</strong></span> <span class='ocrx_word' id='word_1_200' title='bbox 1361 1851 1468 1906; x_wconf 72' lang='lat'><em>(1¹.)</em></span> <span class='ocrx_word' id='word_1_201' title='bbox 1515 1852 1611 1894; x_wconf 46' lang='lat' dir='ltr'><strong>Vewv</strong></span> 
     </span>
     <span class='ocr_line' id='line_1_28' title="bbox 308 1906 1607 1960; baseline -0.005 -12"><span class='ocrx_word' id='word_1_202' title='bbox 308 1911 418 1948; x_wconf 84' lang='lat' dir='ltr'><strong>neti</strong></span> <span class='ocrx_word' id='word_1_203' title='bbox 455 1908 550 1953; x_wconf 75' lang='grc' dir='ltr'><strong>ΞΣ.</strong></span> <span class='ocrx_word' id='word_1_204' title='bbox 588 1909 812 1947; x_wconf 84' lang='lat' dir='ltr'><strong>Parisini</strong></span> <span class='ocrx_word' id='word_1_205' title='bbox 849 1909 1000 1949; x_wconf 74' lang='lat' dir='ltr'><strong>BCEF.</strong></span> <span class='ocrx_word' id='word_1_206' title='bbox 1038 1909 1212 1957; x_wconf 75' lang='lat' dir='ltr'><strong>Augei,</strong></span> <span class='ocrx_word' id='word_1_207' title='bbox 1252 1906 1356 1960; x_wconf 73' lang='lat' dir='ltr'><strong>(w).</strong></span> <span class='ocrx_word' id='word_1_208' title='bbox 1402 1909 1607 1949; x_wconf 64' lang='lat' dir='ltr'><strong>Barbem</strong></span> 
     </span>
     <span class='ocr_line' id='line_1_29' title="bbox 310 1961 1605 2019; baseline -0.001 -16"><span class='ocrx_word' id='word_1_209' title='bbox 310 1962 404 2019; x_wconf 90' lang='lat' dir='ltr'>(y).</span> <span class='ocrx_word' id='word_1_210' title='bbox 435 1964 589 2006; x_wconf 81' lang='lat' dir='ltr'><strong>Palat.</strong></span> <span class='ocrx_word' id='word_1_211' title='bbox 620 1962 708 2018; x_wconf 81' lang='lat' dir='ltr'><strong>(e)</strong></span> <span class='ocrx_word' id='word_1_212' title='bbox 740 1965 946 2005; x_wconf 85' lang='lat' dir='ltr'><strong>Vindob.</strong></span> <span class='ocrx_word' id='word_1_213' title='bbox 980 1961 1079 2017; x_wconf 90' lang='lat'>(1).</span> <span class='ocrx_word' id='word_1_214' title='bbox 1115 1964 1468 2014; x_wconf 75' lang='lat' dir='ltr'><strong>Florentinia.</strong></span> <span class='ocrx_word' id='word_1_215' title='bbox 1499 1965 1535 2002; x_wconf 89' lang='lat' dir='ltr'><strong>b.</strong></span> <span class='ocrx_word' id='word_1_216' title='bbox 1569 1976 1605 2006; x_wconf 63' lang='grc' dir='ltr'><strong>(κ</strong></span> 
     </span>
     <span class='ocr_line' id='line_1_30' title="bbox 305 2032 1585 2065; baseline -0.001 -6"><span class='ocrx_word' id='word_1_217' title='bbox 305 2033 333 2063; x_wconf 83' lang='grc' dir='ltr'><strong>ι.</strong></span> <span class='ocrx_word' id='word_1_218' title='bbox 360 2032 396 2065; x_wconf 83' lang='lat' dir='ltr'><strong>o.</strong></span> <span class='ocrx_word' id='word_1_219' title='bbox 431 2033 467 2060; x_wconf 89' lang='lat' dir='ltr'><strong>n.</strong></span> <span class='ocrx_word' id='word_1_220' title='bbox 527 2050 535 2060; x_wconf 90' lang='lat'><strong><em>.</em></strong></span> <span class='ocrx_word' id='word_1_221' title='bbox 761 2046 764 2049; x_wconf 42' lang='lat' dir='ltr'><em>s</em></span> <span class='ocrx_word' id='word_1_222' title='bbox 1582 2039 1585 2044; x_wconf 90' lang='lat'><em>·</em></span> 
     </span>
     <span class='ocr_line' id='line_1_31' title="bbox 292 2033 1599 2125; baseline -0.002 -13"><span class='ocrx_word' id='word_1_223' title='bbox 292 2088 294 2090; x_wconf 68' lang='grc'>’</span> <span class='ocrx_word' id='word_1_224' title='bbox 417 2033 704 2125; x_wconf 58' lang='grc' dir='ltr'><strong>δεξειτηῐίηι</strong></span> <span class='ocrx_word' id='word_1_225' title='bbox 735 2074 906 2112; x_wconf 83' lang='lat' dir='ltr'><strong>editus</strong></span> <span class='ocrx_word' id='word_1_226' title='bbox 934 2074 1492 2125; x_wconf 79' lang='lat' dir='ltr'><strong>hicdialogusestbis‚</strong></span> <span class='ocrx_word' id='word_1_227' title='bbox 1598 2119 1599 2122; x_wconf 11' lang='grc' dir='ltr'><strong>Ἴ</strong></span> 
     </span>
     <span class='ocr_line' id='line_1_32' title="bbox 308 2129 1598 2181; baseline -0.002 -13"><span class='ocrx_word' id='word_1_228' title='bbox 308 2131 474 2181; x_wconf 87' lang='lat' dir='ltr'><strong>primum</strong></span> <span class='ocrx_word' id='word_1_229' title='bbox 513 2132 559 2168; x_wconf 87' lang='lat' dir='ltr'><strong>ab</strong></span> <span class='ocrx_word' id='word_1_230' title='bbox 596 2129 837 2168; x_wconf 79' lang='lat' dir='ltr'><strong>Ettwallo</strong></span> <span class='ocrx_word' id='word_1_231' title='bbox 876 2130 1012 2168; x_wconf 83' lang='lat' dir='ltr'><strong>Oxonii</strong></span> <span class='ocrx_word' id='word_1_232' title='bbox 1053 2130 1168 2168; x_wconf 67' lang='lat'>1771.</span> <span class='ocrx_word' id='word_1_233' title='bbox 1199 2129 1226 2165; x_wconf 85' lang='grc'><strong>8</strong></span> <span class='ocrx_word' id='word_1_234' title='bbox 1279 2141 1350 2166; x_wconf 89' lang='lat' dir='ltr'><strong>una</strong></span> <span class='ocrx_word' id='word_1_235' title='bbox 1379 2141 1465 2166; x_wconf 84' lang='lat' dir='ltr'><strong>cum</strong></span> <span class='ocrx_word' id='word_1_236' title='bbox 1492 2131 1598 2171; x_wconf 59' lang='lat' dir='ltr'><strong>utro-i</strong></span> 
     </span>
     <span class='ocr_line' id='line_1_33' title="bbox 308 2178 1624 2235; baseline -0.002 -12"><span class='ocrx_word' id='word_1_237' title='bbox 308 2199 384 2235; x_wconf 87' lang='lat' dir='ltr'><strong>que</strong></span> <span class='ocrx_word' id='word_1_238' title='bbox 424 2186 646 2231; x_wconf 81' lang='lat' dir='ltr'><strong>Alcibiade3</strong></span> <span class='ocrx_word' id='word_1_239' title='bbox 689 2185 830 2222; x_wconf 85' lang='lat' dir='ltr'><strong>deinde</strong></span> <span class='ocrx_word' id='word_1_240' title='bbox 872 2187 918 2223; x_wconf 86' lang='lat' dir='ltr'><strong>ab</strong></span> <span class='ocrx_word' id='word_1_241' title='bbox 959 2186 1004 2224; x_wconf 89' lang='lat' dir='ltr'><strong>A.</strong></span> <span class='ocrx_word' id='word_1_242' title='bbox 1043 2184 1326 2222; x_wconf 80' lang='lat' dir='ltr'><strong>Boeckhi-.›:</strong></span> <span class='ocrx_word' id='word_1_243' title='bbox 1359 2178 1624 2232; x_wconf 53' lang='grc' dir='ltr'><strong>,δ’ἰηιοηίἐΙ</strong></span> 
     </span>
     <span class='ocr_line' id='line_1_34' title="bbox 309 2239 1595 2290; baseline -0.002 -11"><span class='ocrx_word' id='word_1_244' title='bbox 309 2240 599 2288; x_wconf 75' lang='lat' dir='ltr'><strong>Socratici,</strong></span> <span class='ocrx_word' id='word_1_245' title='bbox 649 2245 698 2277; x_wconf 89' lang='lat' dir='ltr'><strong>ut</strong></span> <span class='ocrx_word' id='word_1_246' title='bbox 743 2241 971 2287; x_wconf 85' lang='lat' dir='ltr'><strong>videtur,</strong></span> <span class='ocrx_word' id='word_1_247' title='bbox 1015 2241 1207 2290; x_wconf 84' lang='lat' dir='ltr'><strong>dialogi</strong></span> <span class='ocrx_word' id='word_1_248' title='bbox 1256 2244 1492 2289; x_wconf 79' lang='lat' dir='ltr'><strong>quatuor,</strong></span> <span class='ocrx_word' id='word_1_249' title='bbox 1541 2239 1595 2288; x_wconf 61' lang='grc' dir='ltr'><strong>ἀεῖ</strong></span> 
     </span>
     <span class='ocr_line' id='line_1_35' title="bbox 307 2292 1593 2347; baseline -0.001 -14"><span class='ocrx_word' id='word_1_250' title='bbox 307 2296 420 2346; x_wconf 83' lang='lat' dir='ltr'><strong>lege</strong></span> <span class='ocrx_word' id='word_1_251' title='bbox 463 2292 702 2347; x_wconf 69' lang='lat' dir='ltr'><strong>(Minos),</strong></span> <span class='ocrx_word' id='word_1_252' title='bbox 740 2296 798 2332; x_wconf 87' lang='lat' dir='ltr'><strong>de</strong></span> <span class='ocrx_word' id='word_1_253' title='bbox 837 2296 969 2333; x_wconf 88' lang='lat' dir='ltr'><strong>lucri</strong></span> <span class='ocrx_word' id='word_1_254' title='bbox 1006 2295 1264 2345; x_wconf 85' lang='lat' dir='ltr'><strong>cupidine,</strong></span> <span class='ocrx_word' id='word_1_255' title='bbox 1294 2295 1351 2331; x_wconf 85' lang='lat' dir='ltr'><strong>de</strong></span> <span class='ocrx_word' id='word_1_256' title='bbox 1381 2295 1514 2331; x_wconf 86' lang='lat' dir='ltr'><strong>iusto</strong></span> <span class='ocrx_word' id='word_1_257' title='bbox 1545 2294 1593 2343; x_wconf 60' lang='lat' dir='ltr'><strong>ac&#39;</strong></span> 
     </span>
     <span class='ocr_line' id='line_1_36' title="bbox 286 2349 1572 2389; baseline -0.001 -1"><span class='ocrx_word' id='word_1_258' title='bbox 286 2350 364 2388; x_wconf 82' lang='lat' dir='ltr'><strong>-de</strong></span> <span class='ocrx_word' id='word_1_259' title='bbox 393 2352 600 2388; x_wconf 80' lang='lat' dir='ltr'><strong>virtute.</strong></span> <span class='ocrx_word' id='word_1_260' title='bbox 658 2351 833 2389; x_wconf 89' lang='lat' dir='ltr'><strong>Additi</strong></span> <span class='ocrx_word' id='word_1_261' title='bbox 873 2354 986 2388; x_wconf 86' lang='lat' dir='ltr'><strong>sunt</strong></span> <span class='ocrx_word' id='word_1_262' title='bbox 1023 2352 1209 2388; x_wconf 87' lang='lat' dir='ltr'><strong>incerti</strong></span> <span class='ocrx_word' id='word_1_263' title='bbox 1238 2351 1464 2387; x_wconf 84' lang='lat' dir='ltr'><strong>auctoris</strong></span> <span class='ocrx_word' id='word_1_264' title='bbox 1497 2349 1572 2387; x_wconf 81' lang='lat' dir='ltr'><strong>dia</strong></span> 
     </span>
     <span class='ocr_line' id='line_1_37' title="bbox 304 2401 1583 2457; baseline -0.002 -13"><span class='ocrx_word' id='word_1_265' title='bbox 304 2406 414 2457; x_wconf 82' lang='lat' dir='ltr'><strong>logi</strong></span> <span class='ocrx_word' id='word_1_266' title='bbox 453 2406 660 2456; x_wconf 79' lang='lat' dir='ltr'><strong>Eryxias</strong></span> <span class='ocrx_word' id='word_1_267' title='bbox 701 2411 753 2444; x_wconf 87' lang='lat' dir='ltr'><strong>ct</strong></span> <span class='ocrx_word' id='word_1_268' title='bbox 784 2407 1055 2445; x_wconf 72' lang='lat' dir='ltr'><strong>Axioclins.</strong></span> <span class='ocrx_word' id='word_1_269' title='bbox 1105 2407 1300 2444; x_wconf 86' lang='lat' dir='ltr'><strong>Graeca</strong></span> <span class='ocrx_word' id='word_1_270' title='bbox 1329 2401 1583 2442; x_wconf 83' lang='lat' dir='ltr'><strong>recensui</strong></span> 
     </span>
    </p>
   </div>
   <div class='ocr_carea' id='block_1_5' title="bbox 302 2460 1514 2567">
    <p class='ocr_par' dir='ltr' id='par_1_5' title="bbox 302 2460 1514 2567">
     <span class='ocr_line' id='line_1_38' title="bbox 306 2460 1514 2512; baseline 0.002 -13"><span class='ocrx_word' id='word_1_271' title='bbox 306 2467 362 2499; x_wconf 85' lang='lat' dir='ltr'><strong>et</strong></span> <span class='ocrx_word' id='word_1_272' title='bbox 417 2461 803 2512; x_wconf 85' lang='lat' dir='ltr'><strong>praefationem</strong></span> <span class='ocrx_word' id='word_1_273' title='bbox 864 2463 1098 2500; x_wconf 85' lang='lat' dir='ltr'><strong>criticam</strong></span> <span class='ocrx_word' id='word_1_274' title='bbox 1152 2460 1424 2512; x_wconf 82' lang='lat' dir='ltr'><strong>praemisit</strong></span> <span class='ocrx_word' id='word_1_275' title='bbox 1466 2460 1514 2501; x_wconf 88' lang='lat' dir='ltr'><strong>A.</strong></span> 
     </span>
     <span class='ocr_line' id='line_1_39' title="bbox 302 2516 929 2567; baseline 0 -12"><span class='ocrx_word' id='word_1_276' title='bbox 302 2516 715 2567; x_wconf 79' lang='lat' dir='ltr'><strong>Heidelbergae,</strong></span> <span class='ocrx_word' id='word_1_277' title='bbox 746 2518 864 2559; x_wconf 73' lang='lat'>1610.</span> <span class='ocrx_word' id='word_1_278' title='bbox 891 2518 929 2555; x_wconf 86' lang='grc'><strong>8.</strong></span> 
     </span>
    </p>
   </div>
   <div class='ocr_carea' id='block_1_6' title="bbox 1546 1914 1624 2904">
    <p class='ocr_par' dir='ltr' id='par_1_6' title="bbox 1546 1914 1624 2904">
     <span class='ocr_line' id='line_1_40' title="bbox 1601 1914 1624 2150; baseline 0 -164"><span class='ocrx_word' id='word_1_279' title='bbox 1601 1914 1624 2150; x_wconf 95' lang='lat' dir='ltr'><strong>   </strong></span> 
     </span>
     <span class='ocr_line' id='line_1_41' title="bbox 1593 2150 1624 2374; baseline 0 0"><span class='ocrx_word' id='word_1_280' title='bbox 1593 2150 1624 2374; x_wconf 95' lang='lat' dir='ltr'><strong>    </strong></span> 
     </span>
     <span class='ocr_line' id='line_1_42' title="bbox 1546 2374 1624 2904; baseline 0 0"><span class='ocrx_word' id='word_1_281' title='bbox 1546 2374 1624 2904; x_wconf 95' lang='lat' dir='ltr'><strong>   </strong></span> 
     </span>
    </p>
   </div>
  </div>
 </body>
</html>
