1624 2904
252 178 307 218 16
709 173 1123 216 PROLEGOMENA

252 290 328 329 iam
368 300 418 327 eo
453 292 636 340 tempore
663 299 687 327 a
711 286 880 326 Platone
909 288 1101 339 scriptum
1131 300 1245 337 esse,
1284 301 1362 340 quo
1392 292 1568 334 idearum

251 346 470 384 doctrinam
508 344 676 383 nondum
713 344 930 383 invenisset
970 344 1044 382 sed
1079 346 1326 395 perstitisset
1358 348 1490 387 adhuc
1526 351 1567 388 iu

249 402 399 452 wlgari
431 401 769 453 Pythagoreorum
806 403 849 438 et
877 400 1139 450 Orphicorum
1170 401 1219 440 de
1248 405 1451 454 perpetuis
1479 406 1569 443 ani·—

250 469 404 498 morum
443 457 739 509 migrationibus
778 455 982 506 opinione,
1018 457 1071 501 id,
1101 458 1178 495 etsi
1206 458 1359 497 iudiciis
1393 461 1567 499 virorum

251 513 491 564 quorundam
525 513 844 551 doctissimorum
875 513 1037 562 egregie
1066 514 1364 563 comprohatum
1393 519 1480 564 est,
1508 520 1568 554 ta-

249 582 342 610 men
369 582 470 608 nunc
498 582 574 607 non
603 569 770 619 amplius
799 566 1060 616 defenderim,
1090 570 1325 619 praesertim
1354 582 1472 619 quum
1502 572 1570 610 ad-

250 625 408 665 modum
442 625 656 663 verisimiie
698 625 751 662 sit
797 623 1003 662 Platonem
1044 625 1120 663 iam
1151 630 1304 663 mature
1333 626 1382 664 ad
1422 627 1571 666 doctri-

249 693 338 721 nam
367 682 418 720 de
444 682 545 720 ideis
576 681 747 718 delatum
778 691 891 717 esse:
925 679 965 717 id
993 680 1100 729 quod
1126 681 1166 718 in
1194 681 1492 732 I'rolegomenis
1522 683 1570 722 ad

251 738 456 805 Gratylum
487 742 529 776 et
556 735 851 787 Euthydemum
880 736 1196 788 significavimus.
1253 736 1335 776 Sed
1362 739 1571 779 redeamus

251 794 293 835 iu
320 795 432 836 viam.
1052 813 1067 820 —·

362 870 585 911 Pei-suadet
621 871 742 923 igitur
769 869 958 910 Socrates
1001 870 1078 909 hac
1113 858 1459 929 argumentatione
1501 883 1573 920 sua
1607 878 1610 882 '

250 927 432 969 Menoni
441 925 484 967 id
512 927 615 978 quod
645 927 742 975 vult,
772 939 864 966 esse
886 926 1074 978 profecto
1093 922 1293 965 tributam
1311 926 1461 966 homini
1488 928 1574 978 veri

254 984 518 1037 cognoscendi
545 984 792 1030 facultatem
825 996 954 1033 eoque
981 983 1069 1033 ipso
1098 979 1210 1021 illum'
1237 981 1285 1020 ad
1311 976 1468 1030 virtutis
1496 984 1574 1026 vim

251 1047 507 1090 naturamque
546 1038 854 1090 investigandam
884 1050 1135 1088 commovere
1161 1042 1338 1080 conatur.
1384 1027 1573 1088 Verum-

253 1101 382 1136 tamen
422 1096 514 1144 hic,
554 1108 734 1134 errorum
770 1107 929 1133 suorum
949 1095 1135 1142 memor‚'
1182 1085 1280 1132 i'llud
1317 1095 1452 1149 potius
1490 1094 1574 1150 vult

254 1150 452 1203 explicari,
482 1151 532 1190 de
562 1164 638 1202 quo
668 1151 714 1189 ab
734 1151 847 1190 initio
877 1146 1072 1189 sermonis
1096 1148 1426 1212 interrogaverat,
1446 1146 1574 1202 pos-

252 1209 395 1247 sitne
430 1209 597 1246 virtus
635 1207 826 1258 doceri.
882 1204 1055 1258 Repetit
1094 1204 1190 1255 eigo
1213 1180 1431 1257 Socrates,
1468 1198 1574 1256 quod

252 1261 492 1303 iudicaverat
528 1267 663 1311 antea,
700 1274 778 1301 non
814 1274 934 1313 posse
973 1261 1023 1299 de
1058 1260 1157 1307 ulla
1177 1273 1224 1299 re
1252 1257 1463 1315 disputari,
1496 1262 1574 1301 nisi

252 1320 415 1360 notione
445 1321 530 1358 eius
561 1323 677 1357 antea
704 1322 889 1357 accurate
911 1317 1124 1368 explorata.
1181 1316 1238 1354 Ut
1264 1319 1394 1355 tamen
1421 1306 1575 1357 homini

254 1376 500 1427 aliquatenus
529 1379 684 1427 gratum
707 1373 840 1422 faciat
870 1386 962 1412 sese
991 1373 1046 1411 ait
1073 1384 1122 1412 ex
1149 1371 1365 1429 hypothesi
1395 1372 1573 1425 disputa-

253 1438 401 1475 turum.
457 1432 571 1481 Quod
599 1430 693 1489 quid
721 1431 794 1479 sit,
824 1429 1004 1480 exemplo
1034 1427 1201 1478 quodam
1230 1426 1475 1479 geometrico
1503 1429 1573 1468 de-'·

254 1491 498 1527 monstratur
526 1486 580 1536 *).
645 1487 763 1526 Ponit
802 1486 946 1524 deinde
982 1488 1102 1534 atque
1139 1485 1281 1523 sumit.
1326 1485 1572 1525 virtutem

254 1545 436 1584 doceri
479 1555 657 1594 posse,
703 1543 774 1580 si
792 1543 1128 1581 contineatur
1175 1539 1415 1579 scientia.
1482 1541 1571 1591 Quo

247 1599 511 1652 comprobato
549 1599 653 1638 hunc
689 1598 780 1636 sere
813 1599 851 1636 in
890 1597 1048 1637 modum
1084 1598 1392 1646 argumentatur.
1448 1597 1571 1646 Quid-

251 1657 346 1708 quid
373 1658 520 1696 bonum
547 1660 611 1694 est
633 1658 752 1704 atque
780 1654 892 1703 utile,
919 1653 959 1691 id
976 1651 1156 1702 quoniam
1174 1656 1289 1691 recto
1308 1651 1573 1716 prudentique

251 1725 327 1753 usu
361 1712 563 1759 efficitur,
600 1724 677 1749 una
712 1711 938 1749 continetur
976 1708 1141 1747 scientia
1172 1703 1431 1764 (φρονήσει).
1487 1709 1568 1748 Iam

249 1780 346 1808 vero
374 1769 499 1807 virtus
538 1767 642 1806 bona
670 1770 859 1805 censetur
897 1769 1016 1814 atque
1053 1764 1175 1803 utilis.
1232 1762 1294 1802 Ex
1322 1775 1400 1813 quo
1430 1775 1570 1803 conse-

250 1837 376 1877 quens
416 1827 501 1872 est,
539 1826 585 1863 ut
619 1823 744 1862 omnis
779 1823 903 1861 virtus
942 1821 1110 1860 scientia
1145 1819 1296 1858 absolvi
1344 1821 1571 1861 existiman-

250 1882 299 1921 da
327 1882 381 1921 sit
407 1879 453 1905 **
468 1886 496 1928 ).

299 1961 303 1965 ’
359 1958 470 2009 Quae
505 1957 664 2008 quidem
702 1953 993 2009 argumentatio
1026 1951 1235 1995 admodum
1264 1951 1477 1995 cavendum
1507 1957 1577 2005 est

251 2027 302 2063 ne
340 2026 415 2066 pro
457 2013 660 2053 Socratica
695 2017 764 2054 aut
799 2012 1002 2052 Platonica
1048 2009 1275 2063 accipiatur.
1339 2011 1418 2051 Est
1463 2011 1567 2051 enim

249 2082 416 2123 prorsus
452 2069 502 2109 ad
547 2074 721 2110 mentem
760 2069 1026 2120 sophistarum
1070 2067 1314 2118 aliorumque
1357 2066 1398 2106 id
1442 2079 1568 2118 genua

247 2127 451 2166 hominnm
472 2131 709 2176 comparata,
739 2126 819 2175 qui,
848 2137 967 2175 quum
996 2135 1072 2162 non
1102 2127 1290 2174 caperent
1308 2121 1485 2163 Socratis
1514 2123 1567 2162 de

250 2183 416 2223 scientia
452 2183 609 2222 virtutis
641 2182 896 2221 fundamento
947 2181 1206 2228 sententiam,
1248 2182 1439 2229 protenus
1488 2181 1567 2218 sci·-

249 2240 395 2279 entiam
423 2239 785 2289 interpretabantur
821 2235 1089 2288 prudentiam,
1127 2248 1203 2285 qua
1240 2234 1345 2284 quod
1372 2235 1472 2274 utile
1492 2247 1566 2274 es-

248 2296 315 2335 set
352 2299 404 2338 et
430 2294 550 2333 facile
586 2295 832 2345 reperiretur
870 2297 912 2330 et
952 2296 1065 2331 recte
1107 2294 1377 2342 expeteretur.
1421 2289 1565 2339 Quod

246 2350 370 2404 igitur
397 2352 436 2389 in
464 2350 740 2401 Euthydemo
768 2349 969 2396 Lachete,
999 2348 1086 2387 aliis
1111 2347 1246 2394 libris,
1274 2346 1422 2384 factum
1450 2346 1564 2385 vide-

246 2420 356 2454 mus
385 2411 429 2445 ut
458 2407 525 2456 qui
554 2418 642 2445 cum
672 2405 838 2444 Socrate
867 2404 1164 2453 colloquuntur,
1205 2401 1234 2441 ii
1274 2403 1355 2440 suis
1387 2402 1562 2452 ipsorum

245 2464 421 2502 decretis
448 2467 490 2501 et
518 2462 785 2513 opinionibus,
814 2472 908 2511 quas
936 2460 1005 2499 ille
1034 2471 1079 2499 se
1106 2459 1213 2498 ultro
1239 2459 1410 2508 probare
1438 2459 1562 2497 simu-
