1624 2904
256 156 314 199 56
711 148 1118 201 MSPUTA'mo

262 268 301 307 in
327 266 451 319 prima
479 267 655 308 editione
684 269 845 310 eandem
872 270 1000 320 fuisse
1029 275 1148 322 atque
1183 271 1224 309 in
1250 270 1388 309 altera.
1442 269 1571 309 Acoe-

263 323 321 362 dit
358 323 462 373 quod
497 338 571 365 nec
605 325 827 376 fragmenta
867 340 915 366 ex
952 329 1149 377 prioribus
1195 326 1372 365 Nubibus
1419 328 1573 365 servata

264 379 471 430 quidquam
514 382 735 430 continent,
784 382 889 421 unde
924 384 1041 422 alium
1077 385 1116 422 iu
1155 383 1203 421 iis
1241 382 1368 420 fuisse
1397 380 1575 419 Socratis

263 435 439 474 habitum
467 441 585 487 atque
614 439 785 488 speciem
813 440 1072 489 probabiliter
1092 439 1327 488 suspiceris:
1358 449 1575 486 quanquam

264 491 453 541 singulas·
484 493 668 543 quasdam
717 494 874 534 fabulae
921 501 1055 545 partes
1101 495 1232 544 paullo
1286 493 1402 531 aliter
1449 492 1577 530 fuisse

264 546 471 586 adornatas
509 550 647 599 utique
686 562 734 588 ex
771 551 819 590 iis
858 552 1050 603 colligere
1091 551 1238 591 licebit.
1303 548 1384 588 Sed
1422 548 1461 587 id
1500 560 1578 586 non

262 604 412 654 agimus
441 603 519 643 hoc
548 610 743 657 tempore.

371 682 500 732 Quum
530 682 652 735 igitur
678 683 903 722 certissime
932 685 1132 734 appareat,
1161 682 1464 732 Aristophanem
1495 682 1579 731 pri-

264 736 338 775 mis
374 737 553 778 Nubibus
593 739 798 779 Socratem
837 744 1017 789 tanquam
1056 739 1254 790 garrulum
1292 738 1578 787 ridiculunupie

263 792 482 844 sophistam
516 795 759 843 traduxisse,
796 801 936 846 postea
970 800 1101 833 autem
1132 807 1216 832 eam
1250 794 1420 831 fabulam
1450 806 1579 842 neque

261 851 387 889 totam
419 851 864 891 secunda·recensione
902 852 1161 902 perpolivisse
1198 861 1327 898 neque
1362 862 1499 887 rursus
1539 850 1580 887 in

263 916 420 946 scenam
448 908 701 958 produxisse,
731 920 925 958 quumque
954 908 1058 946 idem
1088 908 1127 945 in
1156 905 1300 949 fabulis
1332 909 1422 954 post
1450 904 1578 943 Ranas

263 960 380 1007 editis
409 975 598 1013 nusquam
627 965 847 1016 reperiatur
875 977 964 1002 eum
993 964 1074 1001 ullo
1113 962 1228 1000 modo
1267 961 1495 1011 exposuisse
1524 961 1578 999 ri-

265 1017 328 1055 sui
364 1019 645 1069 multitudinis,
686 1020 785 1059 nihil
819 1024 883 1058 est
919 1019 1022 1069 quod
1059 1019 1188 1069 possit
1220 1019 1367 1055 maiore
1397 1029 1483 1054 cum
1512 1029 1579 1054 ve-

262 1073 562 1115 risimilitudinis
602 1077 736 1127 specie
772 1075 983 1123 affirmari,
1026 1087 1139 1124 quam
1175 1074 1278 1123 quod
1318 1086 1406 1110 cum
1436 1072 1580 1111 Prin-

262 1131 472 1169 'sterero
509 1133 675 1183 aliisque
713 1133 1007 1178 contendimus,
1042 1130 1165 1168 videri
1192 1134 1346 1179 poetam
1377 1128 1579 1178 paullatim

264 1196 351 1224 cum
379 1186 546 1228 Socrate
575 1189 614 1227 in
642 1189 805 1239 gratiam
838 1188 1026 1234 rediisse,
1055 1190 1100 1224 ut
1129 1198 1245 1235 quem
1273 1186 1397 1222 virum
1436 1185 1579 1223 bonum

235 1255 243 1262 ·
263 1245 306 1281 et
332 1243 490 1284 minime
518 1244 759 1295 reipublicae
786 1244 1051 1294 periculosum
1079 1254 1170 1280 esse
1197 1241 1473 1281 intellexisset.

373 1332 505 1383 Atque
542 1333 620 1372 hoc
659 1333 715 1371 ita
752 1332 901 1371 factum
938 1344 1029 1370 esse
1076 1331 1193 1369 etiam
1236 1340 1290 1367 ex
1319 1341 1368 1367 eo
1398 1333 1461 1367 est
1488 1341 1581 1379 per-

264 1387 464 1438 epicuum,
505 1389 609 1439 quod
647 1389 764 1427 Plato
809 1388 1115 1438 Aristophanem
1161 1387 1201 1424 in
1249 1386 1434 1424 Convivio
1480 1385 1581 1422 fecit

266 1456 354 1482 cum
390 1444 557 1483 Socrate
593 1445 841 1483 familiariter
878 1443 1188 1482 conversantem.
1255 1442 1363 1480 Inter
1408 1453 1506 1490 quos
1545 1440 1580 1479 si

265 1503 374 1538 tanta
403 1501 701 1539 intercessisset
730 1500 908 1539 simultas
938 1505 979 1538 et
1005 1498 1221 1546 inimicitia,
1250 1500 1430 1546 quantam
1460 1497 1578 1546 vulgo

263 1561 457 1606 perpetuo
494 1556 713 1596 obtinuisse
756 1557 1049 1602 existimarunt,
1080 1553 1267 1605 profecto
1304 1553 1422 1601 impie
1451 1553 1580 1601 philo-

265 1612 415 1662 sophus
442 1612 482 1651 in
510 1613 742 1664 magistrum
769 1612 917 1650 fuisset
944 1610 1143 1658 facturus,
1172 1610 1206 1647 si
1234 1608 1471 1656 colloquium
1500 1609 1579 1645 isto

263 1667 382 1706 modo
410 1667 586 1707 habitum
616 1669 807 1707 finxisset.
864 1667 975 1706 Unus
1003 1671 1134 1705 tamen
1164 1665 1274 1703 locus
1295 1663 1470 1703 Platonis
1501 1667 1579 1712 est,

264 1724 331 1772 qui
358 1723 450 1762 huic
479 1726 701 1763 sententiae
727 1724 793 1762 vel
820 1725 985 1762 maxime
1013 1722 1210 1760 adversari
1235 1720 1425 1760 videatur.
1480 1718 1580 1758 Nam

266 1780 305 1817 in
340 1780 513 1831 Apolog‚
539 1780 650 1821 Socr.
678 1793 716 1830 p.
749 1780 813 1818 19.
843 1779 888 1821 B.
920 1779 965 1820 0.
997 1779 1183 1816 Socrates
1220 1777 1276 1814 ita
1314 1777 1478 1825 loquens
1518 1776 1579 1813 in-

267 1835 446 1883 ducitur,
485 1840 530 1874 ut
558 1837 598 1875 in
627 1836 760 1875 fabula
795 1835 1071 1885 Aristophanis
1107 1845 1185 1872 nou
1216 1833 1393 1882 exiguam
1423 1843 1579 1869 causam

263 1892 397 1932 inesse
426 1892 551 1940 dicat,
582 1905 653 1931 cur
681 1891 794 1931 multi
821 1892 990 1941 iniquius
1019 1890 1069 1928 de
1095 1890 1182 1939 ipso
1211 1888 1478 1927 iudicaverint.
1525 1887 1580 1925 At

266 1959 360 1986 vero
394 1948 450 1987 ibi
477 1949 590 1988 nobis
625 1960 855 1998 persuasum
885 1951 950 1986 est
978 1946 1183 1993 Socratem
1212 1957 1285 1982 nec
1314 1955 1444 1981 coram
1473 1942 1580 1980 iudi-

267 2004 378 2042 cibus
421 2004 571 2042 ironiae
608 2017 702 2042 suae
748 2004 914 2042 oblitum
960 2003 1016 2041 ita
1065 2001 1224 2040 fabulae
1267 1999 1579 2049 Aristophaneae

267 2060 507 2099 mentionem
538 2060 687 2107 facere,
715 2064 759 2097 ut
788 2071 864 2097 non
891 2060 1017 2110 ipsum
1047 2061 1205 2109 poetam
1234 2060 1380 2105 tangat,
1410 2054 1480 2092 sed
1508 2066 1579 2091 eo-

266 2129 351 2153 rum
379 2117 510 2165 potius
539 2102 804 2155 temeritatem
834 2127 912 2154 non
938 2116 985 2153 six
988 2127 1024 2152 ie
1052 2115 1199 2152 urbana
1241 2111 1485 2150 cavillatione
1513 2122 1579 2147 re-

267 2171 509 2222 prehendat,
546 2173 612 2222 qui
647 2185 694 2210 ex
731 2175 874 2222 poetae
910 2171 1043 2225 nugiS,
1072 2171 1148 2209 iam
1176 2168 1320 2207 dudum
1348 2167 1513 2204 scilicet
1529 2165 1579 2203 ab

266 2227 354 2278 ipso
398 2229 580 2275 reiectis,
631 2227 901 2266 calumniandi
937 2239 1093 2266 causam
1150 2229 1192 2262 et
1247 2223 1580 2289 opportunitatem

267 2295 460 2333 quaerere
487 2296 564 2322 non
592 2283 814 2323 desiissent.
871 2283 995 2332 Quam
1015 2273 1255 2321 sententiam
1284 2280 1359 2316 iam
1385 2282 1475 2315 ante
1502 2277 1578 2315 hos

267 2343 420 2388 septem
457 2339 548 2378 fere
575 2352 695 2378 anuos
719 2340 759 2376 in
788 2339 1075 2377 commentariis
1105 2337 1152 2374 ad
1182 2348 1270 2374 eum
1300 2335 1428 2372 locum
1458 2346 1479 2370 a
1508 2331 1578 2370 no-

268 2395 328 2433 bis
357 2397 598 2445 propositam
629 2396 812 2433 miramur
841 2407 935 2433 sane
963 2394 1066 2444 quod
1097 2403 1213 2431 nemo
1243 2403 1392 2436 eorum,
1423 2390 1488 2438 qui
1508 2400 1579 2437 po-

267 2456 354 2489 stea
382 2452 570 2501 temporis
599 2451 650 2489 de
680 2450 855 2489 Socratis
885 2463 973 2489 cum
1003 2448 1267 2499 Aristophane
1287 2445 1580 2484 necessitudine

269 2512 557 2565 exposuerunt,
593 2508 671 2546 rite
711 2507 932 2572 perpendit.
997 2507 1073 2544 Est
1111 2505 1214 2542 enim
1250 2504 1304 2540 ita
1341 2504 1579 2550 comparata,

266 2567 315 2600 ut
350 2575 399 2600 ue
437 2575 536 2600 nunc:
565 2563 720 2612 quidem
759 2563 843 2600 eius
878 2563 1089 2612 poeniteat
1146 2558 1277 2597 Multo
1306 2558 1431 2595 miuus
1463 2557 1580 2594 etiam

270 2631 358 2656 cum
398 2626 532 2657 nostra
568 2620 719 2656 ratione
755 2622 901 2668 pugnat
936 2619 1047 2657 locus
1087 2615 1314 2680 mundonis
1347 2625 1383 2662 p.
1421 2613 1486 2650 Ἰθ
1520 2611 1579 2657 C,

271 2676 337 2714 ubi
375 2675 479 2725 quod
508 2674 692 2715 Socrates
728 2675 827 2713 haec
864 2675 981 2714 dicit:
1019 2668 1179 2714 οὔκουν
1207 2667 1248 2722 γ’
1295 2663 1348 2709 ἂν
1379 2665 1523 2720 οἶμαι,
1551 2660 1578 2714 ἠ
