1624 2904
394 127 463 170 m
495 125 979 169 EUTHYPHRONEM.
1076 111 1082 122 “
1287 131 1371 172 147

0 226 75 284 }1.
103 242 144 285 2.
185 243 271 296 (qui
304 242 493 291 Bekkero
536 244 601 281 est
645 236 713 293 Y).
752 239 792 278 3.
835 240 876 280 4.
905 240 945 280 ·›.
980 242 1276 285 nnetianus
1304 244 1369 286 Ψ.

0 291 256 352 lrarisin.
294 298 566 341 BCDEHST.
621 296 855 338 vatican.
898 297 992 351 (Be'
994 300 1107 338 kero
1162 301 1258 341 alibi
1303 302 1371 354 A).

0 357 336 401 ,Florentini
373 371 407 398 a.
448 357 483 394 b.
526 369 561 396 c.
601 354 638 395 d.
670 367 704 393 e
736 353 760 392 f
799 367 836 406 g.
867 354 922 396 h.
939 357 961 394 i.
995 357 1373 403 Zittaviensis.

32 416 385 467 Angelicusu.
427 413 716 455 Palatinus,
735 411 786 450 de
807 423 886 462 quo
916 425 952 455 v.
976 414 1179 454 Creuzeri
1209 417 1373 458 Melett.

31 472 125 513 Vol.
164 472 192 513 Ι
233 476 278 524 p.'
316 473 399 511 luo
435 483 494 521 sq.
560 469 766 508 Habemus
805 470 875 520 igit
864 483 927 508 ιιιι·
970 472 1135 521 triginta
1171 479 1212 511 et
1252 489 1373 515 uuum

33 529 148 569 codd.
178 531 322 582 partim
348 529 524 580 optimae
554 531 674 566 notae
701 527 848 575 libros,
879 531 924 566 ut
953 527 1108 571 Bodlei.
1140 530 1244 595 Tub.
1286 533 1375 573 Va·-

31 588 174 637 ticam,
203 588 254 627 ad
282 587 388 626 hunc
416 585 616 636 dialogum
645 596 850 623 excussos.

448 705 982 751 EDITIONES.

142 811 343 853 Peculiari
372 824 496 864 opera
526 812 566 850 in
594 811 675 850 hoc
703 811 807 850 libro
835 811 1076 852 illustrando
1106 814 1255 852 versati
1283 817 1377 854 sunt

31 869 324 926 Forsterus
353 875 397 909 et
428 869 486 908 Fi
502 869 655 908 soher
669 882 722 908 us
737 900 747 917 ,
779 881 880 921 quos
915 882 993 922 ego
1029 883 1160 922 nuper
1198 875 1242 910 et
1281 871 1376 912 Eu·-

31 941 59 981 g
70 940 95 968 e
107 927 189 967 lha
198 941 219 966 r
230 927 255 966 d
266 931 285 966 t
294 940 320 966 u
332 940 351 967 s
381 927 543 977 sequuti
573 939 722 966 sumus.

146 1006 396 1046 For-steri
426 1006 551 1045 editio
586 1006 644 1044 sic
670 1006 965 1057 estinscripta:
997 1004 1244 1046 Platonis
1273 1007 1375 1048 dia-

33 1063 145 1117 logi
174 1065 431 1116 quinque,
461 1063 789 1115 Euthyphro,
819 1063 1075 1116 Apologia
1114 1063 1376 1116 Socratis,

33 1121 212 1169 crito,
242 1121 485 1160 Phaedon
517 1124 572 1158 et
599 1120 838 1161 Erastae.
868 1120 997 1159 edidit
1036 1126 1079 1159 et
1128 1122 1237 1164 obss,
1277 1124 1378 1162 illu-

33 1180 176 1218 stravit
202 1174 420 1220 Nathan.
453 1177 685 1219 Forster.
705 1178 833 1217 Oxou.
857 1177 982 1219 1745.
1010 1178 1038 1215 8
1069 1179 1216 1217 iterum
1251 1181 1375 1220 1752.

34 1249 59 1276 e
99 1235 381 1287 typographeo
427 1234 759 1274 Clareudoniano.
799 1234 839 1272 S.
879 1234 968 1273 mai.
1026 1234 1163 1275 Verba
1198 1236 1378 1276 Platonis

36 1291 87 1332 ex
119 1293 170 1331 H.
208 1292 405 1343 Stephani
442 1293 682 1331 recensione
720 1291 852 1339 dedit3
892 1291 1040 1331 adiecit
1083 1291 1214 1331 Ficini
1252 1296 1379 1333 inter-

32 1350 303 1403 pretationem
360 1349 428 1387 hic
496 1353 539 1387 et
603 1349 688 1387 illic
753 1349 958 1396 refictam3
1022 1354 1234 1401 praeterea
1281 1344 1387 1391 ususx

36 1412 102 1447 est
130 1407 182 1448 Η.
212 1406 432 1458 Stephani,
461 1405 558 1446 Adr.
598 1406 803 1453 'l‘urnebi,
848 1405 972 1445 Zach.
1003 1405 1162 1458 Mudgii
1190 1408 1382 1449 aliorum-

37 1477 116 1517 que
145 1463 485 1511 annotationibus,
523 1462 696 1514 denique
732 1464 819 1513 ipse
849 1475 1007 1513 quoque
1047 1464 1264 1514 praeclaris
1293 1467 1394 1517 ani-v

36 1521 375 1561 madversionibus
414 1520 560 1559 librum
593 1520 879 1572 locupletavit:
918 1519 998 1558 fuit
1027 1522 1134 1560 enim
1162 1521 1384 1564 Forsterus

34 1579 95 1618 sir
125 1578 270 1617 doctus
299 1589 396 1617 sane
425 1581 467 1616 et
494 1583 649 1619 acutus.

145 1656 254 1697 Huic
284 1657 483 1696 successit
513 1656 541 1698 Ι.
570 1656 651 1695 Fr.
682 1656 1003 1704 Fischerus,
1042 1656 1193 1696 multae
1221 1659 1282 1698 vir
1311 1659 1386 1698 do-

40 1715 194 1755 ctrinae
233 1727 280 1753 ac
317 1714 548 1766 diligentiae
590 1727 757 1766 prorsus
789 1713 1014 1764 singularis.
1072 1715 1112 1752 Is
1144 1728 1263 1766 quum
1293 1718 1387 1756 inde

41 1772 92 1812 ab
130 1783 231 1811 anno
269 1772 492 1827 superioris
546 1772 698 1811 saeculi
745 1771 997 1821 sexagesimo
1032 1771 1388 1824 Euthyphronem,

44 1829 276 1877 Critonem,
309 1822 546 1880 Apologiam
587 1833 630 1868 et
662 1828 921 1867 Phaedonem
958 1828 1171 1878 aliquoties
1210 1831 1268 1870 ita
1298 1832 1389 1871 edi-

44 1886 199 1933 disset,
240 1889 287 1924 ut
323 1887 557 1924 varietatem
599 1885 811 1933 lectionis,
851 1897 952 1936 quae
1004 1886 1086 1924 illis
1134 1890 1388 1939 temporibus

45 1941 314 1995 suppetebat,
352 1947 513 1995 notaret
555 1955 710 1981 omnem
750 1942 896 1980 additis
926 1942 1113 1982 brevibus
1138 1946 1390 1985 animadver-

45 2000 226 2041 sionibus
253 1999 385 2038 critici
413 2001 580 2038 maxime
608 2000 855 2050 argumenti3
884 2004 1028 2049 postea
1055 1999 1284 2042 faciendum
1315 2017 1390 2055 pu-

43 2058 166 2104 tavit,
201 2059 247 2094 ut
286 2054 474 2097 adhibitis
514 2056 664 2095 codicis
707 2056 955 2111 'lubingenis
987 2058 1128 2107 copiis
1146 2071 1241 2098 sane
1274 2073 1393 2111 prae-

46 2114 244 2157 stantibus
273 2114 466 2151 maiorem
498 2118 660 2165 pararet
690 2109 933 2159 editionem,
973 2127 1073 2164 quae
1105 2118 1147 2152 et
1176 2118 1317 2156 critice
1349 2122 1394 2157 et

47 2171 307 2224 grammatice
345 2170 489 2209 librum
536 2171 774 2214 illustraret.
830 2169 894 2209 Ea
933 2183 1029 2210 xero
1060 2172 1213 2223 prodiit
1243 2176 1301 2213 sic
1331 2176 1392 2215 in-

48 2230 221 2281 scripta:

218 2295 459 2334 Platonis
495 2294 843 2347 Euthyphro,
887 2295 1181 2348 Apologia,
1232 2297 1393 2347 Crito,

161 2351 386 2393 Phaed0.
419 2352 642 2401 Graece,
673 2354 723 2392 ad
750 2354 872 2392 fidem
902 2354 1018 2394 codd.
1057 2367 1151 2396 mss,
1194 2359 1238 2394 et
1266 2356 1398 2393 libro-

162 2422 252 2449 rum
281 2410 481 2448 editorum
510 2415 691 2448 veterum
721 2423 863 2449 recens
895 2412 926 2449 it
955 2412 1179 2450 emendavit
1221 2413 1398 2463 explica-

163 2467 222 2513 vit
254 2467 320 2508 Io.
350 2466 517 2505 Fried.
549 2424 1058 2519 Fischerusfiiipsiae.
1088 2469 1208 2509 1753.
1238 2468 1278 2510 8,
1308 2470 1398 2509 mai.

55 2534 103 2562 ac
129 2534 204 2574 pro
232 2524 484 2575 temporibus
522 2524 603 2562 illis
644 2525 835 2575 profecto
877 2522 1040 2576 egregia
1078 2526 1279 2564 censenda
1323 2530 1399 2565 est.

168 2579 350 2619 Tertium
386 2580 520 2619 locum
557 2587 696 2620 nostra
734 2583 941 2633 occupavit
971 2583 1120 2632 editio,
1160 2596 1262 2634 quae
1294 2583 1400 2620 hunc

56 2634 181 2675 habet
208 2637 392 2676 titulum:
1020 2657 1023 2659 ·

167 2692 411 2754 Platoni-s
453 2694 791 2746 Euthyphro.
859 2695 1166 2748 Prolegomenis
1210 2699 1253 2734 et
1288 2707 1405 2734 com-

110 2769 202 2806 mat.
226 2774 315 2813 Opp.
340 2773 417 2806 vol.
439 2773 498 2805 Vl.
524 2775 617 2821 sect.
642 2775 686 2805 Π.
808 2786 812 2793 ·
1025 2774 1078 2812 11
