<?xml version="1.0" encoding="UTF-8"?>
<!DOCTYPE html PUBLIC "-//W3C//DTD XHTML 1.0 Transitional//EN"
    "http://www.w3.org/TR/xhtml1/DTD/xhtml1-transitional.dtd">
<html xmlns="http://www.w3.org/1999/xhtml" xml:lang="en" lang="en">
 <head>
  <title>
</title>
<meta http-equiv="Content-Type" content="text/html;charset=utf-8" />
  <meta name='ocr-system' content='tesseract 3.04.00' />
  <meta name='ocr-capabilities' content='ocr_page ocr_carea ocr_par ocr_line ocrx_word'/>
</head>
<body>
  <div class='ocr_page' id='page_1' title='image "./operaomniarecens06platuoft_0070.png"; bbox 0 0 1624 2904; ppageno 0'>
   <div class='ocr_carea' id='block_1_1' title="bbox 277 171 1242 249">
    <p class='ocr_par' dir='ltr' id='par_1_1' title="bbox 277 171 1242 249">
     <span class='ocr_line' id='line_1_1' title="bbox 277 171 1242 249; baseline 0.006 -20"><span class='ocrx_word' id='word_1_1' title='bbox 277 190 334 230; x_wconf 70' lang='lat' dir='ltr'><strong>(n</strong></span> <span class='ocrx_word' id='word_1_2' title='bbox 732 171 1138 233; x_wconf 63' lang='lat' dir='ltr'><strong>&#39;msPUTATm</strong></span> <span class='ocrx_word' id='word_1_3' title='bbox 1207 224 1242 249; x_wconf 32' lang='lat' dir='ltr'><strong>„ff</strong></span> 
     </span>
    </p>
   </div>
   <div class='ocr_carea' id='block_1_2' title="bbox 245 298 1588 2755">
    <p class='ocr_par' dir='ltr' id='par_1_2' title="bbox 245 298 1588 2755">
     <span class='ocr_line' id='line_1_2' title="bbox 279 298 1588 357; baseline 0.004 -16"><span class='ocrx_word' id='word_1_4' title='bbox 279 306 322 342; x_wconf 90' lang='lat' dir='ltr'><strong>et</strong></span> <span class='ocrx_word' id='word_1_5' title='bbox 352 302 566 343; x_wconf 76' lang='lat' dir='ltr'><strong>Geelius</strong></span> <span class='ocrx_word' id='word_1_6' title='bbox 595 303 792 346; x_wconf 86' lang='lat' dir='ltr'><strong>Histor.</strong></span> <span class='ocrx_word' id='word_1_7' title='bbox 823 298 1116 355; x_wconf 77' lang='lat' dir='ltr'><strong>Sophista&#39;r.</strong></span> <span class='ocrx_word' id='word_1_8' title='bbox 1145 316 1183 355; x_wconf 87' lang='lat' dir='ltr'><strong>p.</strong></span> <span class='ocrx_word' id='word_1_9' title='bbox 1218 304 1286 344; x_wconf 73' lang='lat'><strong>70.</strong></span> <span class='ocrx_word' id='word_1_10' title='bbox 1328 306 1588 357; x_wconf 73' lang='lat' dir='ltr'>probabiliter</span> 
     </span>
     <span class='ocr_line' id='line_1_3' title="bbox 277 358 1586 411; baseline 0.003 -14"><span class='ocrx_word' id='word_1_11' title='bbox 277 358 599 399; x_wconf 79' lang='lat' dir='ltr'><strong>demonstrarunt</strong></span> <span class='ocrx_word' id='word_1_12' title='bbox 634 366 828 399; x_wconf 88' lang='lat' dir='ltr'><strong>mortuum</strong></span> <span class='ocrx_word' id='word_1_13' title='bbox 867 361 1213 411; x_wconf 60' lang='lat' dir='ltr'><strong>essesophistam</strong></span> <span class='ocrx_word' id='word_1_14' title='bbox 1243 374 1342 400; x_wconf 71' lang='lat' dir='ltr'><strong>anilo</strong></span> <span class='ocrx_word' id='word_1_15' title='bbox 1371 368 1461 401; x_wconf 88' lang='lat' dir='ltr'><strong>ante</strong></span> <span class='ocrx_word' id='word_1_16' title='bbox 1491 363 1586 406; x_wconf 67' lang='lat' dir='ltr'><strong>(thr.</strong></span> 
     </span>
     <span class='ocr_line' id='line_1_4' title="bbox 276 411 1584 468; baseline 0.004 -16"><span class='ocrx_word' id='word_1_17' title='bbox 276 427 313 454; x_wconf 90' lang='lat' dir='ltr'><strong>n.</strong></span> <span class='ocrx_word' id='word_1_18' title='bbox 344 416 439 456; x_wconf 66' lang='lat'><strong>410.</strong></span> <span class='ocrx_word' id='word_1_19' title='bbox 495 416 554 455; x_wconf 77' lang='lat' dir='ltr'><strong>Ex</strong></span> <span class='ocrx_word' id='word_1_20' title='bbox 578 411 659 466; x_wconf 42' lang='lat' dir='ltr'><strong>*quo</strong></span> <span class='ocrx_word' id='word_1_21' title='bbox 688 417 960 467; x_wconf 79' lang='lat' dir='ltr'><strong>consequitur,</strong></span> <span class='ocrx_word' id='word_1_22' title='bbox 988 417 1127 454; x_wconf 84' lang='lat' dir='ltr'><strong>librum</strong></span> <span class='ocrx_word' id='word_1_23' title='bbox 1161 421 1253 467; x_wconf 89' lang='lat' dir='ltr'><strong>post</strong></span> <span class='ocrx_word' id='word_1_24' title='bbox 1280 417 1434 468; x_wconf 85' lang='lat' dir='ltr'><strong>Olymp.</strong></span> <span class='ocrx_word' id='word_1_25' title='bbox 1463 419 1584 458; x_wconf 83' lang='lat' dir='ltr'><strong>ch.</strong></span> 
     </span>
     <span class='ocr_line' id='line_1_5' title="bbox 274 469 1583 523; baseline 0.004 -16"><span class='ocrx_word' id='word_1_26' title='bbox 274 470 314 510; x_wconf 75' lang='grc'><strong>3.</strong></span> <span class='ocrx_word' id='word_1_27' title='bbox 342 469 470 510; x_wconf 75' lang='lat' dir='ltr'><strong>literis</strong></span> <span class='ocrx_word' id='word_1_28' title='bbox 499 473 766 523; x_wconf 78' lang='lat' dir='ltr'><strong>consignatum</strong></span> <span class='ocrx_word' id='word_1_29' title='bbox 798 484 902 510; x_wconf 88' lang='lat' dir='ltr'><strong>esse.</strong></span> <span class='ocrx_word' id='word_1_30' title='bbox 955 471 1058 510; x_wconf 88' lang='lat' dir='ltr'>Mihi</span> <span class='ocrx_word' id='word_1_31' title='bbox 1086 477 1216 511; x_wconf 87' lang='lat' dir='ltr'><strong>tamen</strong></span> <span class='ocrx_word' id='word_1_32' title='bbox 1246 485 1319 511; x_wconf 88' lang='lat' dir='ltr'><strong>nec</strong></span> <span class='ocrx_word' id='word_1_33' title='bbox 1347 473 1446 512; x_wconf 84' lang='lat' dir='ltr'><strong>haec</strong></span> <span class='ocrx_word' id='word_1_34' title='bbox 1475 487 1583 512; x_wconf 90' lang='lat' dir='ltr'><strong>com-</strong></span> 
     </span>
     <span class='ocr_line' id='line_1_6' title="bbox 276 527 1583 579; baseline 0.004 -16"><span class='ocrx_word' id='word_1_35' title='bbox 276 527 430 575; x_wconf 88' lang='lat' dir='ltr'><strong>putatio</strong></span> <span class='ocrx_word' id='word_1_36' title='bbox 474 528 678 567; x_wconf 72' lang='lat' dir='ltr'><strong>satisfacit.</strong></span> <span class='ocrx_word' id='word_1_37' title='bbox 747 528 901 566; x_wconf 88' lang='lat' dir='ltr'><strong>Prodiit</strong></span> <span class='ocrx_word' id='word_1_38' title='bbox 935 529 1038 566; x_wconf 85' lang='lat' dir='ltr'><strong>enim</strong></span> <span class='ocrx_word' id='word_1_39' title='bbox 1065 529 1364 579; x_wconf 70' lang='lat' dir='ltr'><strong>Euthydemus,</strong></span> <span class='ocrx_word' id='word_1_40' title='bbox 1403 530 1476 567; x_wconf 91' lang='lat' dir='ltr'><strong>nisi</strong></span> <span class='ocrx_word' id='word_1_41' title='bbox 1506 530 1583 568; x_wconf 82' lang='lat' dir='ltr'><strong>fal-</strong></span> 
     </span>
     <span class='ocr_line' id='line_1_7' title="bbox 273 580 1582 636; baseline 0.005 -18"><span class='ocrx_word' id='word_1_42' title='bbox 273 580 359 629; x_wconf 88' lang='lat' dir='ltr'><strong>lor,</strong></span> <span class='ocrx_word' id='word_1_43' title='bbox 396 583 558 622; x_wconf 86' lang='lat' dir='ltr'><strong>ineunte</strong></span> <span class='ocrx_word' id='word_1_44' title='bbox 595 585 750 635; x_wconf 76' lang='lat' dir='ltr'><strong>Olymp.</strong></span> <span class='ocrx_word' id='word_1_45' title='bbox 790 583 931 624; x_wconf 85' lang='lat' dir='ltr'><strong>XClV.</strong></span> <span class='ocrx_word' id='word_1_46' title='bbox 971 595 1048 633; x_wconf 90' lang='lat' dir='ltr'><strong>quo</strong></span> <span class='ocrx_word' id='word_1_47' title='bbox 1085 588 1266 635; x_wconf 85' lang='lat' dir='ltr'><strong>tempore</strong></span> <span class='ocrx_word' id='word_1_48' title='bbox 1303 585 1582 636; x_wconf 74' lang='lat' dir='ltr'><strong>Aristophanis</strong></span> 
     </span>
     <span class='ocr_line' id='line_1_8' title="bbox 272 637 1582 690; baseline 0.005 -15"><span class='ocrx_word' id='word_1_49' title='bbox 272 637 462 678; x_wconf 79' lang='lat' dir='ltr'><strong>adversus</strong></span> <span class='ocrx_word' id='word_1_50' title='bbox 500 639 703 678; x_wconf 75' lang='lat' dir='ltr'>Socratem</span> <span class='ocrx_word' id='word_1_51' title='bbox 742 640 942 678; x_wconf 77' lang='lat' dir='ltr'><strong>inimicitia</strong></span> <span class='ocrx_word' id='word_1_52' title='bbox 980 641 1056 678; x_wconf 81' lang='lat' dir='ltr'><strong>iam</strong></span> <span class='ocrx_word' id='word_1_53' title='bbox 1104 645 1189 678; x_wconf 76' lang='lat' dir='ltr'><strong>tota</strong></span> <span class='ocrx_word' id='word_1_54' title='bbox 1225 646 1458 690; x_wconf 64' lang='lat' dir='ltr'><strong>evanuerat,</strong></span> <span class='ocrx_word' id='word_1_55' title='bbox 1504 653 1582 681; x_wconf 89' lang='lat' dir='ltr'><strong>non</strong></span> 
     </span>
     <span class='ocr_line' id='line_1_9' title="bbox 273 693 1580 747; baseline 0.003 -16"><span class='ocrx_word' id='word_1_56' title='bbox 273 693 398 732; x_wconf 84' lang='lat' dir='ltr'><strong>multo</strong></span> <span class='ocrx_word' id='word_1_57' title='bbox 433 699 524 734; x_wconf 80' lang='lat' dir='ltr'><strong>ante</strong></span> <span class='ocrx_word' id='word_1_58' title='bbox 554 693 838 747; x_wconf 80' lang='lat' dir='ltr'><strong>Protagoram,</strong></span> <span class='ocrx_word' id='word_1_59' title='bbox 877 707 1042 745; x_wconf 90' lang='lat' dir='ltr'><strong>quocum</strong></span> <span class='ocrx_word' id='word_1_60' title='bbox 1083 697 1198 734; x_wconf 82' lang='lat' dir='ltr'><strong>etiam</strong></span> <span class='ocrx_word' id='word_1_61' title='bbox 1236 697 1455 746; x_wconf 79' lang='lat' dir='ltr'><strong>argumenti</strong></span> <span class='ocrx_word' id='word_1_62' title='bbox 1485 709 1580 747; x_wconf 85' lang='lat' dir='ltr'><strong>qua-</strong></span> 
     </span>
     <span class='ocr_line' id='line_1_10' title="bbox 273 747 1580 800; baseline 0.002 -13"><span class='ocrx_word' id='word_1_63' title='bbox 273 747 360 788; x_wconf 85' lang='lat' dir='ltr'><strong>dam</strong></span> <span class='ocrx_word' id='word_1_64' title='bbox 397 751 690 790; x_wconf 72' lang='lat' dir='ltr'><strong>necessitudine</strong></span> <span class='ocrx_word' id='word_1_65' title='bbox 727 753 963 790; x_wconf 79' lang='lat' dir='ltr'><strong>continetur.</strong></span> <span class='ocrx_word' id='word_1_66' title='bbox 1027 752 1136 800; x_wconf 75' lang='lat' dir='ltr'><strong>Quae</strong></span> <span class='ocrx_word' id='word_1_67' title='bbox 1172 754 1367 790; x_wconf 87' lang='lat' dir='ltr'><strong>sententia</strong></span> <span class='ocrx_word' id='word_1_68' title='bbox 1396 753 1457 789; x_wconf 80' lang='lat' dir='ltr'><strong>vel</strong></span> <span class='ocrx_word' id='word_1_69' title='bbox 1498 766 1580 791; x_wconf 89' lang='lat' dir='ltr'><strong>ma-</strong></span> 
     </span>
     <span class='ocr_line' id='line_1_11' title="bbox 271 806 1580 857; baseline 0.003 -15"><span class='ocrx_word' id='word_1_70' title='bbox 271 806 374 843; x_wconf 85' lang='lat' dir='ltr'><strong>xime</strong></span> <span class='ocrx_word' id='word_1_71' title='bbox 411 808 708 845; x_wconf 77' lang='lat' dir='ltr'><strong>commendatur</strong></span> <span class='ocrx_word' id='word_1_72' title='bbox 744 809 865 846; x_wconf 86' lang='lat' dir='ltr'><strong>totius</strong></span> <span class='ocrx_word' id='word_1_73' title='bbox 894 807 1118 857; x_wconf 83' lang='lat' dir='ltr'><strong>scriptionis</strong></span> <span class='ocrx_word' id='word_1_74' title='bbox 1146 808 1300 846; x_wconf 88' lang='lat' dir='ltr'><strong>ratione</strong></span> <span class='ocrx_word' id='word_1_75' title='bbox 1331 813 1372 846; x_wconf 85' lang='lat' dir='ltr'><strong>et</strong></span> <span class='ocrx_word' id='word_1_76' title='bbox 1400 810 1580 850; x_wconf 82' lang='lat' dir='ltr'><strong>consilio.</strong></span> 
     </span>
     <span class='ocr_line' id='line_1_12' title="bbox 272 860 1578 915; baseline 0.003 -17"><span class='ocrx_word' id='word_1_77' title='bbox 272 860 442 912; x_wconf 81' lang='lat' dir='ltr'><strong>Scripsit</strong></span> <span class='ocrx_word' id='word_1_78' title='bbox 469 864 571 901; x_wconf 89' lang='lat' dir='ltr'><strong>enim</strong></span> <span class='ocrx_word' id='word_1_79' title='bbox 609 863 724 901; x_wconf 88' lang='lat' dir='ltr'><strong>Plato</strong></span> <span class='ocrx_word' id='word_1_80' title='bbox 754 863 856 901; x_wconf 88' lang='lat' dir='ltr'><strong>hunc</strong></span> <span class='ocrx_word' id='word_1_81' title='bbox 890 863 1032 901; x_wconf 89' lang='lat' dir='ltr'><strong>librum</strong></span> <span class='ocrx_word' id='word_1_82' title='bbox 1066 863 1168 901; x_wconf 86' lang='lat' dir='ltr'><strong>haud</strong></span> <span class='ocrx_word' id='word_1_83' title='bbox 1198 864 1316 902; x_wconf 86' lang='lat' dir='ltr'><strong>dubie</strong></span> <span class='ocrx_word' id='word_1_84' title='bbox 1344 865 1392 901; x_wconf 88' lang='lat' dir='ltr'><strong>iis</strong></span> <span class='ocrx_word' id='word_1_85' title='bbox 1422 869 1578 915; x_wconf 87' lang='lat' dir='ltr'><strong>tempo-</strong></span> 
     </span>
     <span class='ocr_line' id='line_1_13' title="bbox 270 918 1579 969; baseline 0.004 -15"><span class='ocrx_word' id='word_1_86' title='bbox 270 918 401 962; x_wconf 85' lang='lat' dir='ltr'><strong>ribus,</strong></span> <span class='ocrx_word' id='word_1_87' title='bbox 441 919 579 968; x_wconf 82' lang='lat' dir='ltr'><strong>quibus</strong></span> <span class='ocrx_word' id='word_1_88' title='bbox 610 921 645 956; x_wconf 88' lang='lat' dir='ltr'><strong>ei</strong></span> <span class='ocrx_word' id='word_1_89' title='bbox 676 931 820 969; x_wconf 82' lang='lat' dir='ltr'><strong>operae</strong></span> <span class='ocrx_word' id='word_1_90' title='bbox 849 921 1020 969; x_wconf 83' lang='lat' dir='ltr'><strong>pretium</strong></span> <span class='ocrx_word' id='word_1_91' title='bbox 1051 920 1172 957; x_wconf 77' lang='lat' dir='ltr'><strong>visum</strong></span> <span class='ocrx_word' id='word_1_92' title='bbox 1203 925 1267 957; x_wconf 89' lang='lat' dir='ltr'><strong>est</strong></span> <span class='ocrx_word' id='word_1_93' title='bbox 1305 920 1493 967; x_wconf 84' lang='lat' dir='ltr'><strong>efficere,</strong></span> <span class='ocrx_word' id='word_1_94' title='bbox 1533 925 1579 959; x_wconf 90' lang='lat' dir='ltr'><strong>ut</strong></span> 
     </span>
     <span class='ocr_line' id='line_1_14' title="bbox 269 972 1579 1025; baseline 0.003 -15"><span class='ocrx_word' id='word_1_95' title='bbox 269 972 445 1012; x_wconf 80' lang='lat' dir='ltr'><strong>Socratis</strong></span> <span class='ocrx_word' id='word_1_96' title='bbox 488 975 790 1024; x_wconf 82' lang='lat' dir='ltr'><strong>philosophandi</strong></span> <span class='ocrx_word' id='word_1_97' title='bbox 834 976 935 1013; x_wconf 87' lang='lat' dir='ltr'><strong>ratio</strong></span> <span class='ocrx_word' id='word_1_98' title='bbox 975 976 1022 1012; x_wconf 90' lang='lat' dir='ltr'><strong>ab</strong></span> <span class='ocrx_word' id='word_1_99' title='bbox 1058 976 1161 1013; x_wconf 83' lang='lat' dir='ltr'><strong>inani</strong></span> <span class='ocrx_word' id='word_1_100' title='bbox 1202 975 1278 1013; x_wconf 85' lang='lat' dir='ltr'><strong>ista</strong></span> <span class='ocrx_word' id='word_1_101' title='bbox 1310 976 1579 1025; x_wconf 81' lang='lat' dir='ltr'><strong>sophistarum</strong></span> 
     </span>
     <span class='ocr_line' id='line_1_15' title="bbox 268 1030 1578 1081; baseline 0.002 -15"><span class='ocrx_word' id='word_1_102' title='bbox 268 1033 354 1068; x_wconf 84' lang='lat' dir='ltr'><strong>arte</strong></span> <span class='ocrx_word' id='word_1_103' title='bbox 395 1030 607 1081; x_wconf 80' lang='lat' dir='ltr'><strong>diligenter</strong></span> <span class='ocrx_word' id='word_1_104' title='bbox 640 1031 945 1069; x_wconf 83' lang='lat' dir='ltr'><strong>discerneretur.</strong></span> <span class='ocrx_word' id='word_1_105' title='bbox 1012 1031 1121 1079; x_wconf 81' lang='lat' dir='ltr'><strong>Quae</strong></span> <span class='ocrx_word' id='word_1_106' title='bbox 1166 1031 1200 1068; x_wconf 86' lang='lat' dir='ltr'><strong>si</strong></span> <span class='ocrx_word' id='word_1_107' title='bbox 1239 1043 1287 1069; x_wconf 85' lang='lat' dir='ltr'><strong>ex</strong></span> <span class='ocrx_word' id='word_1_108' title='bbox 1322 1044 1386 1069; x_wconf 92' lang='lat' dir='ltr'><strong>me</strong></span> <span class='ocrx_word' id='word_1_109' title='bbox 1422 1030 1578 1081; x_wconf 85' lang='lat' dir='ltr'><strong>quaeris</strong></span> 
     </span>
     <span class='ocr_line' id='line_1_16' title="bbox 267 1085 1576 1138; baseline 0.002 -16"><span class='ocrx_word' id='word_1_110' title='bbox 267 1085 395 1133; x_wconf 76' lang='lat' dir='ltr'><strong>qualia</strong></span> <span class='ocrx_word' id='word_1_111' title='bbox 435 1086 605 1135; x_wconf 78' lang='lat' dir='ltr'><strong>fuerint,</strong></span> <span class='ocrx_word' id='word_1_112' title='bbox 644 1087 823 1136; x_wconf 87' lang='lat' dir='ltr'><strong>equidem</strong></span> <span class='ocrx_word' id='word_1_113' title='bbox 862 1099 940 1124; x_wconf 89' lang='lat' dir='ltr'><strong>non</strong></span> <span class='ocrx_word' id='word_1_114' title='bbox 975 1085 1132 1134; x_wconf 84' lang='lat' dir='ltr'><strong>dubito,</strong></span> <span class='ocrx_word' id='word_1_115' title='bbox 1169 1087 1261 1136; x_wconf 91' lang='lat' dir='ltr'><strong>quin</strong></span> <span class='ocrx_word' id='word_1_116' title='bbox 1298 1087 1432 1138; x_wconf 74' lang='lat' dir='ltr'><strong>pauci·</strong></span> <span class='ocrx_word' id='word_1_117' title='bbox 1467 1088 1576 1126; x_wconf 91' lang='lat' dir='ltr'><strong>annis</strong></span> 
     </span>
     <span class='ocr_line' id='line_1_17' title="bbox 266 1141 1576 1181; baseline 0.002 -2"><span class='ocrx_word' id='word_1_118' title='bbox 266 1145 358 1178; x_wconf 79' lang='lat' dir='ltr'><strong>unte</strong></span> <span class='ocrx_word' id='word_1_119' title='bbox 401 1141 576 1180; x_wconf 85' lang='lat' dir='ltr'><strong>Socratis</strong></span> <span class='ocrx_word' id='word_1_120' title='bbox 612 1143 901 1180; x_wconf 83' lang='lat' dir='ltr'><strong>accusationem</strong></span> <span class='ocrx_word' id='word_1_121' title='bbox 938 1143 1023 1180; x_wconf 87' lang='lat' dir='ltr'><strong>eius</strong></span> <span class='ocrx_word' id='word_1_122' title='bbox 1059 1143 1117 1179; x_wconf 86' lang='lat' dir='ltr'><strong>rei</strong></span> <span class='ocrx_word' id='word_1_123' title='bbox 1155 1143 1319 1180; x_wconf 84' lang='lat' dir='ltr'><strong>maxima</strong></span> <span class='ocrx_word' id='word_1_124' title='bbox 1359 1142 1484 1181; x_wconf 87' lang='lat' dir='ltr'><strong>fuerit</strong></span> <span class='ocrx_word' id='word_1_125' title='bbox 1511 1144 1576 1181; x_wconf 72' lang='lat' dir='ltr'><strong>vel</strong></span> 
     </span>
     <span class='ocr_line' id='line_1_18' title="bbox 265 1198 1576 1249; baseline 0.002 -15"><span class='ocrx_word' id='word_1_126' title='bbox 265 1198 483 1236; x_wconf 81' lang='lat' dir='ltr'><strong>necessitas</strong></span> <span class='ocrx_word' id='word_1_127' title='bbox 507 1198 570 1236; x_wconf 83' lang='lat' dir='ltr'><strong>vel</strong></span> <span class='ocrx_word' id='word_1_128' title='bbox 597 1198 887 1249; x_wconf 80' lang='lat' dir='ltr'><strong>opportunitas,</strong></span> <span class='ocrx_word' id='word_1_129' title='bbox 943 1198 1041 1236; x_wconf 86' lang='lat' dir='ltr'><strong>Nam</strong></span> <span class='ocrx_word' id='word_1_130' title='bbox 1070 1199 1149 1236; x_wconf 87' lang='lat' dir='ltr'><strong>illis</strong></span> <span class='ocrx_word' id='word_1_131' title='bbox 1178 1199 1421 1248; x_wconf 85' lang='lat' dir='ltr'><strong>temporibus</strong></span> <span class='ocrx_word' id='word_1_132' title='bbox 1450 1211 1576 1248; x_wconf 88' lang='lat' dir='ltr'><strong>usque</strong></span> 
     </span>
     <span class='ocr_line' id='line_1_19' title="bbox 266 1252 1575 1304; baseline 0.003 -15"><span class='ocrx_word' id='word_1_133' title='bbox 266 1252 314 1289; x_wconf 85' lang='lat' dir='ltr'><strong>ad</strong></span> <span class='ocrx_word' id='word_1_134' title='bbox 344 1253 415 1290; x_wconf 61' lang='lat' dir='ltr'><strong>siri</strong></span> <span class='ocrx_word' id='word_1_135' title='bbox 443 1253 628 1292; x_wconf 88' lang='lat' dir='ltr'><strong>iudicium</strong></span> <span class='ocrx_word' id='word_1_136' title='bbox 665 1255 901 1292; x_wconf 82' lang='lat' dir='ltr'><strong>temerariae</strong></span> <span class='ocrx_word' id='word_1_137' title='bbox 940 1254 1041 1292; x_wconf 85' lang='lat' dir='ltr'><strong>istae</strong></span> <span class='ocrx_word' id='word_1_138' title='bbox 1081 1255 1283 1304; x_wconf 86' lang='lat' dir='ltr'><strong>opiniones</strong></span> <span class='ocrx_word' id='word_1_139' title='bbox 1313 1255 1360 1292; x_wconf 90' lang='lat' dir='ltr'><strong>ab</strong></span> <span class='ocrx_word' id='word_1_140' title='bbox 1391 1256 1476 1293; x_wconf 89' lang='lat' dir='ltr'><strong>eius</strong></span> <span class='ocrx_word' id='word_1_141' title='bbox 1505 1255 1575 1293; x_wconf 85' lang='lat' dir='ltr'><strong>ad·-</strong></span> 
     </span>
     <span class='ocr_line' id='line_1_20' title="bbox 263 1309 1574 1360; baseline 0.004 -16"><span class='ocrx_word' id='word_1_142' title='bbox 263 1309 447 1346; x_wconf 75' lang='lat' dir='ltr'><strong>versariis</strong></span> <span class='ocrx_word' id='word_1_143' title='bbox 478 1309 618 1347; x_wconf 82' lang='lat' dir='ltr'><strong>sedulo</strong></span> <span class='ocrx_word' id='word_1_144' title='bbox 645 1310 827 1348; x_wconf 87' lang='lat' dir='ltr'><strong>videntur</strong></span> <span class='ocrx_word' id='word_1_145' title='bbox 854 1310 1074 1360; x_wconf 79' lang='lat' dir='ltr'><strong>divulgatae</strong></span> <span class='ocrx_word' id='word_1_146' title='bbox 1114 1314 1155 1347; x_wconf 89' lang='lat' dir='ltr'><strong>et</strong></span> <span class='ocrx_word' id='word_1_147' title='bbox 1182 1310 1441 1359; x_wconf 81' lang='lat' dir='ltr'><strong>amplificatae</strong></span> <span class='ocrx_word' id='word_1_148' title='bbox 1469 1323 1574 1359; x_wconf 86' lang='lat' dir='ltr'><strong>esse,</strong></span> 
     </span>
     <span class='ocr_line' id='line_1_21' title="bbox 265 1364 1575 1417; baseline 0.002 -16"><span class='ocrx_word' id='word_1_149' title='bbox 265 1364 381 1402; x_wconf 86' lang='lat' dir='ltr'><strong>sicuti</strong></span> <span class='ocrx_word' id='word_1_150' title='bbox 410 1377 458 1403; x_wconf 79' lang='lat' dir='ltr'><strong>ex</strong></span> <span class='ocrx_word' id='word_1_151' title='bbox 485 1364 679 1417; x_wconf 81' lang='lat' dir='ltr'><strong>Apologia</strong></span> <span class='ocrx_word' id='word_1_152' title='bbox 704 1369 881 1416; x_wconf 89' lang='lat' dir='ltr'><strong>apparet.</strong></span> <span class='ocrx_word' id='word_1_153' title='bbox 939 1365 1023 1403; x_wconf 90' lang='lat' dir='ltr'><strong>Nec</strong></span> <span class='ocrx_word' id='word_1_154' title='bbox 1056 1377 1149 1403; x_wconf 69' lang='lat' dir='ltr'><strong>vero</strong></span> <span class='ocrx_word' id='word_1_155' title='bbox 1177 1365 1380 1415; x_wconf 87' lang='lat' dir='ltr'><strong>probabile</strong></span> <span class='ocrx_word' id='word_1_156' title='bbox 1410 1371 1473 1404; x_wconf 86' lang='lat' dir='ltr'><strong>est</strong></span> <span class='ocrx_word' id='word_1_157' title='bbox 1488 1366 1575 1404; x_wconf 81' lang='lat' dir='ltr'><strong>En·-</strong></span> 
     </span>
     <span class='ocr_line' id='line_1_22' title="bbox 262 1419 1572 1470; baseline 0.003 -14"><span class='ocrx_word' id='word_1_158' title='bbox 262 1419 491 1470; x_wconf 74' lang='lat' dir='ltr'><strong>thydemum</strong></span> <span class='ocrx_word' id='word_1_159' title='bbox 530 1426 612 1459; x_wconf 92' lang='lat' dir='ltr'><strong>tum</strong></span> <span class='ocrx_word' id='word_1_160' title='bbox 644 1421 798 1460; x_wconf 89' lang='lat' dir='ltr'><strong>demum</strong></span> <span class='ocrx_word' id='word_1_161' title='bbox 830 1434 920 1459; x_wconf 82' lang='lat' dir='ltr'><strong>esse</strong></span> <span class='ocrx_word' id='word_1_162' title='bbox 949 1421 1200 1467; x_wconf 77' lang='lat' dir='ltr'><strong>consectum,</strong></span> <span class='ocrx_word' id='word_1_163' title='bbox 1238 1434 1365 1470; x_wconf 51' lang='lat' dir='ltr'><strong>quumx</strong></span> <span class='ocrx_word' id='word_1_164' title='bbox 1396 1421 1572 1460; x_wconf 85' lang='lat' dir='ltr'><strong>Socratis</strong></span> 
     </span>
     <span class='ocr_line' id='line_1_23' title="bbox 261 1472 1571 1517; baseline 0.004 -5"><span class='ocrx_word' id='word_1_165' title='bbox 261 1472 379 1513; x_wconf 81' lang='lat' dir='ltr'><strong>causa</strong></span> <span class='ocrx_word' id='word_1_166' title='bbox 408 1479 482 1514; x_wconf 88' lang='lat' dir='ltr'><strong>iam</strong></span> <span class='ocrx_word' id='word_1_167' title='bbox 513 1477 552 1515; x_wconf 90' lang='lat' dir='ltr'><strong>in</strong></span> <span class='ocrx_word' id='word_1_168' title='bbox 579 1477 763 1515; x_wconf 87' lang='lat' dir='ltr'><strong>iudicium</strong></span> <span class='ocrx_word' id='word_1_169' title='bbox 785 1478 951 1515; x_wconf 85' lang='lat' dir='ltr'><strong>deducta</strong></span> <span class='ocrx_word' id='word_1_170' title='bbox 982 1481 1102 1514; x_wconf 82' lang='lat' dir='ltr'><strong>esset.</strong></span> <span class='ocrx_word' id='word_1_171' title='bbox 1159 1477 1255 1514; x_wconf 65' lang='lat' dir='ltr'><strong>Nam</strong></span> <span class='ocrx_word' id='word_1_172' title='bbox 1286 1478 1318 1515; x_wconf 89' lang='lat' dir='ltr'><strong>si</strong></span> <span class='ocrx_word' id='word_1_173' title='bbox 1348 1478 1396 1515; x_wconf 87' lang='lat' dir='ltr'><strong>lis</strong></span> <span class='ocrx_word' id='word_1_174' title='bbox 1427 1479 1501 1516; x_wconf 91' lang='lat' dir='ltr'><strong>iam</strong></span> <span class='ocrx_word' id='word_1_175' title='bbox 1530 1479 1571 1517; x_wconf 88' lang='lat' dir='ltr'><strong>in</strong></span> 
     </span>
     <span class='ocr_line' id='line_1_24' title="bbox 259 1530 1570 1581; baseline 0.002 -12"><span class='ocrx_word' id='word_1_176' title='bbox 259 1530 406 1569; x_wconf 79' lang='lat' dir='ltr'><strong>iudicio</strong></span> <span class='ocrx_word' id='word_1_177' title='bbox 445 1536 554 1570; x_wconf 85' lang='lat' dir='ltr'><strong>esset</strong></span> <span class='ocrx_word' id='word_1_178' title='bbox 583 1538 755 1579; x_wconf 77' lang='lat' dir='ltr'><strong>versata,</strong></span> <span class='ocrx_word' id='word_1_179' title='bbox 795 1533 898 1570; x_wconf 88' lang='lat' dir='ltr'><strong>hand</strong></span> <span class='ocrx_word' id='word_1_180' title='bbox 934 1532 1051 1570; x_wconf 83' lang='lat' dir='ltr'><strong>dubie</strong></span> <span class='ocrx_word' id='word_1_181' title='bbox 1086 1533 1257 1581; x_wconf 85' lang='lat' dir='ltr'><strong>scriptor</strong></span> <span class='ocrx_word' id='word_1_182' title='bbox 1293 1534 1376 1570; x_wconf 87' lang='lat' dir='ltr'><strong>eius</strong></span> <span class='ocrx_word' id='word_1_183' title='bbox 1416 1535 1474 1571; x_wconf 86' lang='lat' dir='ltr'><strong>rei</strong></span> <span class='ocrx_word' id='word_1_184' title='bbox 1503 1546 1570 1571; x_wconf 83' lang='lat' dir='ltr'><strong>ra-</strong></span> 
     </span>
     <span class='ocr_line' id='line_1_25' title="bbox 259 1587 1569 1639; baseline 0.002 -15"><span class='ocrx_word' id='word_1_185' title='bbox 259 1588 406 1625; x_wconf 85' lang='lat' dir='ltr'><strong>tionem</strong></span> <span class='ocrx_word' id='word_1_186' title='bbox 437 1587 641 1626; x_wconf 88' lang='lat' dir='ltr'><strong>habiturus</strong></span> <span class='ocrx_word' id='word_1_187' title='bbox 679 1592 775 1628; x_wconf 72' lang='lat' dir='ltr'><strong>erat,</strong></span> <span class='ocrx_word' id='word_1_188' title='bbox 831 1589 892 1626; x_wconf 83' lang='lat' dir='ltr'><strong>Ex</strong></span> <span class='ocrx_word' id='word_1_189' title='bbox 926 1600 1003 1636; x_wconf 90' lang='lat' dir='ltr'><strong>qno</strong></span> <span class='ocrx_word' id='word_1_190' title='bbox 1043 1587 1249 1625; x_wconf 78' lang='lat' dir='ltr'><strong>admodum</strong></span> <span class='ocrx_word' id='word_1_191' title='bbox 1279 1589 1325 1626; x_wconf 85' lang='lat' dir='ltr'><strong>fit</strong></span> <span class='ocrx_word' id='word_1_192' title='bbox 1354 1589 1569 1639; x_wconf 84' lang='lat' dir='ltr'><strong>probabile,</strong></span> 
     </span>
     <span class='ocr_line' id='line_1_26' title="bbox 259 1642 1567 1695; baseline 0.002 -15"><span class='ocrx_word' id='word_1_193' title='bbox 259 1642 403 1680; x_wconf 88' lang='lat' dir='ltr'><strong>librum</strong></span> <span class='ocrx_word' id='word_1_194' title='bbox 429 1644 557 1692; x_wconf 88' lang='lat' dir='ltr'><strong>aliquo</strong></span> <span class='ocrx_word' id='word_1_195' title='bbox 588 1648 767 1695; x_wconf 84' lang='lat' dir='ltr'><strong>tempore</strong></span> <span class='ocrx_word' id='word_1_196' title='bbox 796 1648 888 1682; x_wconf 88' lang='lat' dir='ltr'><strong>ante</strong></span> <span class='ocrx_word' id='word_1_197' title='bbox 917 1643 1093 1682; x_wconf 84' lang='lat' dir='ltr'><strong>Socratis</strong></span> <span class='ocrx_word' id='word_1_198' title='bbox 1122 1645 1410 1682; x_wconf 76' lang='lat' dir='ltr'><strong>accusationem</strong></span> <span class='ocrx_word' id='word_1_199' title='bbox 1440 1645 1567 1682; x_wconf 88' lang='lat' dir='ltr'><strong>literis</strong></span> 
     </span>
     <span class='ocr_line' id='line_1_27' title="bbox 260 1699 1567 1750; baseline 0.001 -14"><span class='ocrx_word' id='word_1_200' title='bbox 260 1710 351 1738; x_wconf 88' lang='lat' dir='ltr'><strong>esse</strong></span> <span class='ocrx_word' id='word_1_201' title='bbox 389 1700 672 1750; x_wconf 82' lang='lat' dir='ltr'><strong>consignatum.</strong></span> <span class='ocrx_word' id='word_1_202' title='bbox 732 1700 1008 1747; x_wconf 20' lang='lat' dir='ltr'><strong>,confirmatur</strong></span> <span class='ocrx_word' id='word_1_203' title='bbox 1053 1699 1153 1737; x_wconf 88' lang='lat' dir='ltr'><strong>haec</strong></span> <span class='ocrx_word' id='word_1_204' title='bbox 1197 1705 1334 1737; x_wconf 85' lang='lat' dir='ltr'><strong>nostra</strong></span> <span class='ocrx_word' id='word_1_205' title='bbox 1371 1701 1567 1739; x_wconf 86' lang='lat' dir='ltr'><strong>sententia</strong></span> 
     </span>
     <span class='ocr_line' id='line_1_28' title="bbox 257 1754 1567 1805; baseline 0.002 -13"><span class='ocrx_word' id='word_1_206' title='bbox 257 1754 319 1792; x_wconf 84' lang='lat' dir='ltr'><strong>vel</strong></span> <span class='ocrx_word' id='word_1_207' title='bbox 349 1755 513 1793; x_wconf 84' lang='lat' dir='ltr'><strong>maxime</strong></span> <span class='ocrx_word' id='word_1_208' title='bbox 543 1768 613 1802; x_wconf 80' lang='lat' dir='ltr'><strong>eo,</strong></span> <span class='ocrx_word' id='word_1_209' title='bbox 650 1756 753 1805; x_wconf 89' lang='lat' dir='ltr'><strong>qnod</strong></span> <span class='ocrx_word' id='word_1_210' title='bbox 783 1755 1045 1805; x_wconf 87' lang='lat' dir='ltr'><strong>quaecunque</strong></span> <span class='ocrx_word' id='word_1_211' title='bbox 1064 1755 1113 1792; x_wconf 89' lang='lat' dir='ltr'><strong>de</strong></span> <span class='ocrx_word' id='word_1_212' title='bbox 1142 1755 1243 1792; x_wconf 63' lang='lat' dir='ltr'><strong>vitae</strong></span> <span class='ocrx_word' id='word_1_213' title='bbox 1273 1757 1485 1804; x_wconf 72' lang='lat' dir='ltr'><strong>beatitate,</strong></span> <span class='ocrx_word' id='word_1_214' title='bbox 1516 1756 1567 1794; x_wconf 88' lang='lat' dir='ltr'><strong>de</strong></span> 
     </span>
     <span class='ocr_line' id='line_1_29' title="bbox 257 1810 1565 1860; baseline 0.001 -12"><span class='ocrx_word' id='word_1_215' title='bbox 257 1810 422 1848; x_wconf 87' lang='lat' dir='ltr'><strong>scientia</strong></span> <span class='ocrx_word' id='word_1_216' title='bbox 456 1815 636 1860; x_wconf 87' lang='lat' dir='ltr'><strong>tanquam</strong></span> <span class='ocrx_word' id='word_1_217' title='bbox 665 1813 820 1850; x_wconf 85' lang='lat' dir='ltr'><strong>virtutis</strong></span> <span class='ocrx_word' id='word_1_218' title='bbox 850 1812 1126 1857; x_wconf 77' lang='lat' dir='ltr'><strong>fundamento,</strong></span> <span class='ocrx_word' id='word_1_219' title='bbox 1166 1810 1294 1860; x_wconf 85' lang='lat' dir='ltr'><strong>deque</strong></span> <span class='ocrx_word' id='word_1_220' title='bbox 1321 1812 1476 1850; x_wconf 77' lang='lat' dir='ltr'><strong>virtutis</strong></span> <span class='ocrx_word' id='word_1_221' title='bbox 1506 1812 1565 1849; x_wconf 88' lang='lat' dir='ltr'><strong>di-</strong></span> 
     </span>
     <span class='ocr_line' id='line_1_30' title="bbox 258 1866 1565 1917; baseline 0.002 -14"><span class='ocrx_word' id='word_1_222' title='bbox 258 1866 423 1916; x_wconf 79' lang='lat' dir='ltr'><strong>sciplina</strong></span> <span class='ocrx_word' id='word_1_223' title='bbox 463 1866 734 1915; x_wconf 88' lang='lat' dir='ltr'><strong>disseruntur,</strong></span> <span class='ocrx_word' id='word_1_224' title='bbox 769 1880 816 1905; x_wconf 86' lang='lat' dir='ltr'><strong>ea</strong></span> <span class='ocrx_word' id='word_1_225' title='bbox 853 1868 981 1905; x_wconf 87' lang='lat' dir='ltr'><strong>omnia</strong></span> <span class='ocrx_word' id='word_1_226' title='bbox 1019 1879 1227 1917; x_wconf 80' lang='lat' dir='ltr'><strong>germanae</strong></span> <span class='ocrx_word' id='word_1_227' title='bbox 1255 1867 1456 1905; x_wconf 87' lang='lat' dir='ltr'><strong>doctrinae</strong></span> <span class='ocrx_word' id='word_1_228' title='bbox 1486 1868 1565 1905; x_wconf 84' lang='lat' dir='ltr'><strong>So-</strong></span> 
     </span>
     <span class='ocr_line' id='line_1_31' title="bbox 255 1923 1564 1973; baseline 0.001 -14"><span class='ocrx_word' id='word_1_229' title='bbox 255 1923 427 1960; x_wconf 86' lang='lat' dir='ltr'><strong>craticae</strong></span> <span class='ocrx_word' id='word_1_230' title='bbox 457 1924 629 1973; x_wconf 87' lang='lat' dir='ltr'><strong>speciem</strong></span> <span class='ocrx_word' id='word_1_231' title='bbox 658 1923 860 1971; x_wconf 80' lang='lat' dir='ltr'><strong>referunt,</strong></span> <span class='ocrx_word' id='word_1_232' title='bbox 899 1936 972 1961; x_wconf 88' lang='lat' dir='ltr'><strong>nec</strong></span> <span class='ocrx_word' id='word_1_233' title='bbox 1011 1936 1082 1973; x_wconf 86' lang='lat' dir='ltr'><strong>per</strong></span> <span class='ocrx_word' id='word_1_234' title='bbox 1120 1926 1246 1961; x_wconf 89' lang='lat' dir='ltr'><strong>totum</strong></span> <span class='ocrx_word' id='word_1_235' title='bbox 1281 1923 1422 1961; x_wconf 85' lang='lat' dir='ltr'><strong>librum</strong></span> <span class='ocrx_word' id='word_1_236' title='bbox 1453 1923 1564 1972; x_wconf 90' lang='lat' dir='ltr'><strong>quid-</strong></span> 
     </span>
     <span class='ocr_line' id='line_1_32' title="bbox 255 1978 1565 2030; baseline 0.002 -15"><span class='ocrx_word' id='word_1_237' title='bbox 255 1989 369 2027; x_wconf 91' lang='lat' dir='ltr'><strong>quam</strong></span> <span class='ocrx_word' id='word_1_238' title='bbox 399 1990 534 2016; x_wconf 90' lang='lat' dir='ltr'><strong>eornm</strong></span> <span class='ocrx_word' id='word_1_239' title='bbox 562 1980 790 2030; x_wconf 80' lang='lat' dir='ltr'><strong>investigari</strong></span> <span class='ocrx_word' id='word_1_240' title='bbox 820 1982 973 2030; x_wconf 88' lang='lat' dir='ltr'><strong>potest,</strong></span> <span class='ocrx_word' id='word_1_241' title='bbox 1013 1990 1112 2028; x_wconf 89' lang='lat' dir='ltr'><strong>quae</strong></span> <span class='ocrx_word' id='word_1_242' title='bbox 1140 1978 1253 2016; x_wconf 86' lang='lat' dir='ltr'><strong>Plato</strong></span> <span class='ocrx_word' id='word_1_243' title='bbox 1281 1983 1420 2028; x_wconf 88' lang='lat' dir='ltr'><strong>postea</strong></span> <span class='ocrx_word' id='word_1_244' title='bbox 1449 1980 1499 2017; x_wconf 89' lang='lat' dir='ltr'><strong>de</strong></span> <span class='ocrx_word' id='word_1_245' title='bbox 1526 1979 1565 2017; x_wconf 86' lang='lat' dir='ltr'><strong>vi</strong></span> 
     </span>
     <span class='ocr_line' id='line_1_33' title="bbox 255 2034 1563 2086; baseline 0.001 -15"><span class='ocrx_word' id='word_1_246' title='bbox 255 2038 298 2071; x_wconf 89' lang='lat' dir='ltr'><strong>et</strong></span> <span class='ocrx_word' id='word_1_247' title='bbox 326 2038 462 2072; x_wconf 87' lang='lat' dir='ltr'><strong>natura</strong></span> <span class='ocrx_word' id='word_1_248' title='bbox 486 2035 642 2073; x_wconf 84' lang='lat' dir='ltr'><strong>virtutis</strong></span> <span class='ocrx_word' id='word_1_249' title='bbox 673 2040 735 2073; x_wconf 88' lang='lat' dir='ltr'><strong>est</strong></span> <span class='ocrx_word' id='word_1_250' title='bbox 763 2038 1059 2074; x_wconf 86' lang='lat' dir='ltr'><strong>commentatus.</strong></span> <span class='ocrx_word' id='word_1_251' title='bbox 1116 2034 1325 2072; x_wconf 81' lang='lat' dir='ltr'><strong>Enimvero</strong></span> <span class='ocrx_word' id='word_1_252' title='bbox 1354 2035 1444 2072; x_wconf 88' lang='lat' dir='ltr'><strong>inde</strong></span> <span class='ocrx_word' id='word_1_253' title='bbox 1471 2048 1563 2086; x_wconf 89' lang='lat' dir='ltr'><strong>per-</strong></span> 
     </span>
     <span class='ocr_line' id='line_1_34' title="bbox 257 2090 1562 2141; baseline 0.003 -15"><span class='ocrx_word' id='word_1_254' title='bbox 257 2090 395 2140; x_wconf 86' lang='lat' dir='ltr'><strong>spicue</strong></span> <span class='ocrx_word' id='word_1_255' title='bbox 422 2091 677 2141; x_wconf 77' lang='lat' dir='ltr'><strong>intelligitur,</strong></span> <span class='ocrx_word' id='word_1_256' title='bbox 707 2091 927 2140; x_wconf 77' lang='lat' dir='ltr'><strong>Platonem,</strong></span> <span class='ocrx_word' id='word_1_257' title='bbox 957 2103 1033 2140; x_wconf 89' lang='lat' dir='ltr'><strong>quo</strong></span> <span class='ocrx_word' id='word_1_258' title='bbox 1062 2094 1242 2140; x_wconf 90' lang='lat' dir='ltr'><strong>tempore</strong></span> <span class='ocrx_word' id='word_1_259' title='bbox 1270 2091 1562 2141; x_wconf 81' lang='lat' dir='ltr'><strong>Euthydemum</strong></span> 
     </span>
     <span class='ocr_line' id='line_1_35' title="bbox 254 2145 1560 2195; baseline 0.002 -13"><span class='ocrx_word' id='word_1_260' title='bbox 254 2145 436 2195; x_wconf 80' lang='lat' dir='ltr'><strong>scripsit,</strong></span> <span class='ocrx_word' id='word_1_261' title='bbox 466 2146 587 2184; x_wconf 89' lang='lat' dir='ltr'><strong>fidum</strong></span> <span class='ocrx_word' id='word_1_262' title='bbox 616 2147 742 2185; x_wconf 85' lang='lat' dir='ltr'><strong>adhuc</strong></span> <span class='ocrx_word' id='word_1_263' title='bbox 772 2147 897 2185; x_wconf 87' lang='lat' dir='ltr'><strong>fuisse</strong></span> <span class='ocrx_word' id='word_1_264' title='bbox 935 2147 1098 2184; x_wconf 85' lang='lat' dir='ltr'><strong>rationis</strong></span> <span class='ocrx_word' id='word_1_265' title='bbox 1131 2146 1356 2183; x_wconf 86' lang='lat' dir='ltr'><strong>Socraticae</strong></span> <span class='ocrx_word' id='word_1_266' title='bbox 1386 2151 1560 2184; x_wconf 82' lang='lat' dir='ltr'><strong>sectato-</strong></span> 
     </span>
     <span class='ocr_line' id='line_1_36' title="bbox 251 2201 1561 2250; baseline 0.001 -12"><span class='ocrx_word' id='word_1_267' title='bbox 251 2212 352 2248; x_wconf 90' lang='lat' dir='ltr'><strong>rem,</strong></span> <span class='ocrx_word' id='word_1_268' title='bbox 382 2201 486 2250; x_wconf 88' lang='lat' dir='ltr'><strong>quod</strong></span> <span class='ocrx_word' id='word_1_269' title='bbox 515 2205 625 2240; x_wconf 85' lang='lat' dir='ltr'><strong>certe</strong></span> <span class='ocrx_word' id='word_1_270' title='bbox 644 2203 692 2241; x_wconf 71' lang='lat' dir='ltr'><strong>&#39;in</strong></span> <span class='ocrx_word' id='word_1_271' title='bbox 721 2216 842 2241; x_wconf 85' lang='lat' dir='ltr'><strong>annos</strong></span> <span class='ocrx_word' id='word_1_272' title='bbox 867 2202 1157 2240; x_wconf 83' lang='lat' dir='ltr'><strong>adolescentiae</strong></span> <span class='ocrx_word' id='word_1_273' title='bbox 1188 2203 1271 2239; x_wconf 89' lang='lat' dir='ltr'><strong>eius</strong></span> <span class='ocrx_word' id='word_1_274' title='bbox 1299 2201 1414 2242; x_wconf 83' lang='lat' dir='ltr'><strong>cadit.</strong></span> <span class='ocrx_word' id='word_1_275' title='bbox 1470 2202 1561 2240; x_wconf 85' lang='lat' dir='ltr'><strong>Iluc</strong></span> 
     </span>
     <span class='ocr_line' id='line_1_37' title="bbox 251 2256 1559 2308; baseline 0.002 -15"><span class='ocrx_word' id='word_1_276' title='bbox 251 2256 408 2295; x_wconf 86' lang='lat' dir='ltr'><strong>accedit</strong></span> <span class='ocrx_word' id='word_1_277' title='bbox 445 2258 548 2306; x_wconf 89' lang='lat' dir='ltr'><strong>quod</strong></span> <span class='ocrx_word' id='word_1_278' title='bbox 586 2270 771 2307; x_wconf 86' lang='lat' dir='ltr'><strong>perquam</strong></span> <span class='ocrx_word' id='word_1_279' title='bbox 810 2264 874 2297; x_wconf 86' lang='lat' dir='ltr'><strong>est</strong></span> <span class='ocrx_word' id='word_1_280' title='bbox 909 2258 1119 2305; x_wconf 74' lang='lat' dir='ltr'><strong>credibile,</strong></span> <span class='ocrx_word' id='word_1_281' title='bbox 1166 2258 1442 2308; x_wconf 87' lang='lat' dir='ltr'><strong>philosophum</strong></span> <span class='ocrx_word' id='word_1_282' title='bbox 1481 2270 1559 2296; x_wconf 91' lang='lat' dir='ltr'><strong>non</strong></span> 
     </span>
     <span class='ocr_line' id='line_1_38' title="bbox 250 2311 1558 2364; baseline 0.002 -15"><span class='ocrx_word' id='word_1_283' title='bbox 250 2311 322 2350; x_wconf 88' lang='lat' dir='ltr'><strong>illo</strong></span> <span class='ocrx_word' id='word_1_284' title='bbox 359 2313 514 2351; x_wconf 86' lang='lat' dir='ltr'><strong>demum</strong></span> <span class='ocrx_word' id='word_1_285' title='bbox 550 2316 751 2364; x_wconf 86' lang='lat' dir='ltr'><strong>tempore,</strong></span> <span class='ocrx_word' id='word_1_286' title='bbox 791 2326 868 2364; x_wconf 93' lang='lat' dir='ltr'><strong>quo</strong></span> <span class='ocrx_word' id='word_1_287' title='bbox 905 2314 1062 2352; x_wconf 86' lang='lat' dir='ltr'><strong>scholas</strong></span> <span class='ocrx_word' id='word_1_288' title='bbox 1100 2314 1137 2351; x_wconf 90' lang='lat' dir='ltr'><strong>in</strong></span> <span class='ocrx_word' id='word_1_289' title='bbox 1173 2313 1369 2351; x_wconf 86' lang='lat' dir='ltr'><strong>academia</strong></span> <span class='ocrx_word' id='word_1_290' title='bbox 1407 2314 1558 2351; x_wconf 87' lang='lat' dir='ltr'><strong>habere</strong></span> 
     </span>
     <span class='ocr_line' id='line_1_39' title="bbox 249 2368 1556 2419; baseline 0 -13"><span class='ocrx_word' id='word_1_291' title='bbox 249 2368 446 2415; x_wconf 88' lang='lat' dir='ltr'><strong>instituit,</strong></span> <span class='ocrx_word' id='word_1_292' title='bbox 484 2377 591 2407; x_wconf 84' lang='lat' dir='ltr'><strong>suam</strong></span> <span class='ocrx_word' id='word_1_293' title='bbox 629 2370 751 2419; x_wconf 90' lang='lat' dir='ltr'><strong>ipsius</strong></span> <span class='ocrx_word' id='word_1_294' title='bbox 788 2370 1032 2408; x_wconf 88' lang='lat' dir='ltr'><strong>dialecticam</strong></span> <span class='ocrx_word' id='word_1_295' title='bbox 1068 2370 1147 2407; x_wconf 88' lang='lat' dir='ltr'><strong>isto</strong></span> <span class='ocrx_word' id='word_1_296' title='bbox 1177 2368 1331 2418; x_wconf 88' lang='lat' dir='ltr'><strong>quidem</strong></span> <span class='ocrx_word' id='word_1_297' title='bbox 1362 2369 1479 2406; x_wconf 91' lang='lat' dir='ltr'><strong>modo</strong></span> <span class='ocrx_word' id='word_1_298' title='bbox 1507 2370 1556 2407; x_wconf 89' lang='lat' dir='ltr'><strong>ab</strong></span> 
     </span>
     <span class='ocr_line' id='line_1_40' title="bbox 248 2423 1556 2474; baseline 0.001 -13"><span class='ocrx_word' id='word_1_299' title='bbox 248 2423 557 2462; x_wconf 76' lang='lat' dir='ltr'><strong>adversariorum</strong></span> <span class='ocrx_word' id='word_1_300' title='bbox 593 2425 794 2464; x_wconf 88' lang='lat' dir='ltr'><strong>calumniis</strong></span> <span class='ocrx_word' id='word_1_301' title='bbox 831 2426 958 2464; x_wconf 82' lang='lat' dir='ltr'><strong>fuisse</strong></span> <span class='ocrx_word' id='word_1_302' title='bbox 996 2425 1246 2463; x_wconf 84' lang='lat' dir='ltr'><strong>defensurum</strong></span> <span class='ocrx_word' id='word_1_303' title='bbox 1259 2436 1274 2471; x_wconf 81' lang='lat'><strong>,·</strong></span> <span class='ocrx_word' id='word_1_304' title='bbox 1316 2425 1556 2474; x_wconf 84' lang='lat' dir='ltr'><strong>quandoqui-</strong></span> 
     </span>
     <span class='ocr_line' id='line_1_41' title="bbox 249 2479 1554 2531; baseline 0.001 -15"><span class='ocrx_word' id='word_1_305' title='bbox 249 2479 338 2517; x_wconf 88' lang='lat' dir='ltr'><strong>dem</strong></span> <span class='ocrx_word' id='word_1_306' title='bbox 368 2480 503 2518; x_wconf 80' lang='lat' dir='ltr'><strong>inanes</strong></span> <span class='ocrx_word' id='word_1_307' title='bbox 533 2481 600 2518; x_wconf 86' lang='lat' dir='ltr'><strong>isti</strong></span> <span class='ocrx_word' id='word_1_308' title='bbox 618 2482 842 2531; x_wconf 82' lang='lat' dir='ltr'><strong>garrulique</strong></span> <span class='ocrx_word' id='word_1_309' title='bbox 862 2482 1141 2531; x_wconf 75' lang='lat' dir='ltr'><strong>disputatoreS,</strong></span> <span class='ocrx_word' id='word_1_310' title='bbox 1172 2481 1325 2518; x_wconf 80' lang='lat' dir='ltr'><strong>etiamsi</strong></span> <span class='ocrx_word' id='word_1_311' title='bbox 1355 2493 1398 2518; x_wconf 90' lang='lat' dir='ltr'><strong>se</strong></span> <span class='ocrx_word' id='word_1_312' title='bbox 1428 2481 1554 2518; x_wconf 89' lang='lat' dir='ltr'><strong>adhuc</strong></span> 
     </span>
     <span class='ocr_line' id='line_1_42' title="bbox 247 2535 1555 2586; baseline 0.002 -14"><span class='ocrx_word' id='word_1_313' title='bbox 247 2536 498 2582; x_wconf 73' lang='lat' dir='ltr'><strong>iactaverint,</strong></span> <span class='ocrx_word' id='word_1_314' title='bbox 538 2539 668 2574; x_wconf 86' lang='lat' dir='ltr'><strong>tamen</strong></span> <span class='ocrx_word' id='word_1_315' title='bbox 707 2537 900 2586; x_wconf 88' lang='lat' dir='ltr'><strong>quomodo</strong></span> <span class='ocrx_word' id='word_1_316' title='bbox 929 2549 951 2575; x_wconf 93' lang='lat' dir='ltr'><strong>a</strong></span> <span class='ocrx_word' id='word_1_317' title='bbox 981 2536 1194 2575; x_wconf 85' lang='lat' dir='ltr'><strong>Socraticis</strong></span> <span class='ocrx_word' id='word_1_318' title='bbox 1232 2535 1459 2583; x_wconf 80' lang='lat' dir='ltr'><strong>differrent,</strong></span> <span class='ocrx_word' id='word_1_319' title='bbox 1494 2537 1555 2574; x_wconf 75' lang='lat' dir='ltr'><strong>vi-</strong></span> 
     </span>
     <span class='ocr_line' id='line_1_43' title="bbox 247 2591 1555 2642; baseline -0.001 -12"><span class='ocrx_word' id='word_1_320' title='bbox 247 2592 303 2630; x_wconf 83' lang='lat' dir='ltr'><strong>ris</strong></span> <span class='ocrx_word' id='word_1_321' title='bbox 333 2591 587 2641; x_wconf 84' lang='lat' dir='ltr'><strong>prudentibus</strong></span> <span class='ocrx_word' id='word_1_322' title='bbox 627 2596 668 2630; x_wconf 85' lang='lat' dir='ltr'><strong>et</strong></span> <span class='ocrx_word' id='word_1_323' title='bbox 704 2593 875 2631; x_wconf 87' lang='lat' dir='ltr'><strong>cordatis</strong></span> <span class='ocrx_word' id='word_1_324' title='bbox 915 2605 991 2631; x_wconf 93' lang='lat' dir='ltr'><strong>non</strong></span> <span class='ocrx_word' id='word_1_325' title='bbox 1036 2592 1198 2642; x_wconf 87' lang='lat' dir='ltr'><strong>amplius</strong></span> <span class='ocrx_word' id='word_1_326' title='bbox 1228 2593 1435 2629; x_wconf 87' lang='lat' dir='ltr'><strong>obscurum</strong></span> <span class='ocrx_word' id='word_1_327' title='bbox 1465 2603 1555 2629; x_wconf 89' lang='lat' dir='ltr'><strong>esse</strong></span> 
     </span>
     <span class='ocr_line' id='line_1_44' title="bbox 248 2646 1553 2699; baseline -0.001 -14"><span class='ocrx_word' id='word_1_328' title='bbox 248 2648 388 2698; x_wconf 86' lang='lat' dir='ltr'><strong>potuit.</strong></span> <span class='ocrx_word' id='word_1_329' title='bbox 436 2646 614 2696; x_wconf 83' lang='lat' dir='ltr'><strong>Denique</strong></span> <span class='ocrx_word' id='word_1_330' title='bbox 634 2660 707 2686; x_wconf 91' lang='lat' dir='ltr'><strong>nec</strong></span> <span class='ocrx_word' id='word_1_331' title='bbox 723 2648 1014 2699; x_wconf 82' lang='lat' dir='ltr'><strong>Megaricorum</strong></span> <span class='ocrx_word' id='word_1_332' title='bbox 1035 2647 1255 2686; x_wconf 88' lang='lat' dir='ltr'><strong>disserendi</strong></span> <span class='ocrx_word' id='word_1_333' title='bbox 1273 2649 1374 2685; x_wconf 83' lang='lat' dir='ltr'><strong>ratio</strong></span> <span class='ocrx_word' id='word_1_334' title='bbox 1395 2659 1553 2696; x_wconf 86' lang='lat' dir='ltr'><strong>usquam</strong></span> 
     </span>
     <span class='ocr_line' id='line_1_45' title="bbox 245 2702 1555 2755; baseline -0.001 -13"><span class='ocrx_word' id='word_1_335' title='bbox 245 2704 285 2742; x_wconf 89' lang='lat' dir='ltr'><strong>in</strong></span> <span class='ocrx_word' id='word_1_336' title='bbox 313 2702 564 2753; x_wconf 80' lang='lat' dir='ltr'><strong>Euthydemo</strong></span> <span class='ocrx_word' id='word_1_337' title='bbox 593 2705 825 2755; x_wconf 88' lang='lat' dir='ltr'><strong>respicitur,</strong></span> <span class='ocrx_word' id='word_1_338' title='bbox 853 2705 956 2755; x_wconf 86' lang='lat' dir='ltr'><strong>quod</strong></span> <span class='ocrx_word' id='word_1_339' title='bbox 985 2708 1078 2744; x_wconf 85' lang='lat' dir='ltr'><strong>sane</strong></span> <span class='ocrx_word' id='word_1_340' title='bbox 1105 2715 1286 2755; x_wconf 78' lang='lat' dir='ltr'><strong>magnum</strong></span> <span class='ocrx_word' id='word_1_341' title='bbox 1315 2708 1555 2742; x_wconf 87' lang='lat' dir='ltr'><strong>momentum</strong></span> 
     </span>
    </p>
   </div>
  </div>
 </body>
</html>
