<?xml version="1.0" encoding="UTF-8"?>
<!DOCTYPE html PUBLIC "-//W3C//DTD XHTML 1.0 Transitional//EN"
    "http://www.w3.org/TR/xhtml1/DTD/xhtml1-transitional.dtd">
<html xmlns="http://www.w3.org/1999/xhtml" xml:lang="en" lang="en">
 <head>
  <title>
</title>
<meta http-equiv="Content-Type" content="text/html;charset=utf-8" />
  <meta name='ocr-system' content='tesseract 3.04.00' />
  <meta name='ocr-capabilities' content='ocr_page ocr_carea ocr_par ocr_line ocrx_word'/>
</head>
<body>
  <div class='ocr_page' id='page_1' title='image "./operaomniarecens06platuoft_0068.png"; bbox 0 0 1624 2904; ppageno 0'>
   <div class='ocr_carea' id='block_1_1' title="bbox 256 167 1136 210">
    <p class='ocr_par' dir='ltr' id='par_1_1' title="bbox 256 167 1136 210">
     <span class='ocr_line' id='line_1_1' title="bbox 256 167 1136 210; baseline -0.001 0"><span class='ocrx_word' id='word_1_1' title='bbox 256 170 317 210; x_wconf 79' lang='lat'><strong>62</strong></span> <span class='ocrx_word' id='word_1_2' title='bbox 714 167 1136 210; x_wconf 34' lang='lat' dir='ltr'><strong>mSPU&#39;rATIo‘</strong></span> 
     </span>
    </p>
   </div>
   <div class='ocr_carea' id='block_1_2' title="bbox 257 279 1573 1059">
    <p class='ocr_par' dir='ltr' id='par_1_2' title="bbox 257 279 1573 1059">
     <span class='ocr_line' id='line_1_2' title="bbox 260 279 1570 335; baseline 0.008 -20"><span class='ocrx_word' id='word_1_3' title='bbox 260 281 459 334; x_wconf 68' lang='grc' dir='ltr'><strong><em>τίτεχνοι.</em></strong></span> <span class='ocrx_word' id='word_1_4' title='bbox 515 279 643 330; x_wconf 77' lang='lat' dir='ltr'><strong>Quum</strong></span> <span class='ocrx_word' id='word_1_5' title='bbox 680 292 776 319; x_wconf 79' lang='lat' dir='ltr'><strong>vero</strong></span> <span class='ocrx_word' id='word_1_6' title='bbox 814 281 1033 332; x_wconf 72' lang='lat' dir='ltr'><strong>scriptores</strong></span> <span class='ocrx_word' id='word_1_7' title='bbox 1071 282 1131 320; x_wconf 92' lang='lat' dir='ltr'><strong>illi</strong></span> <span class='ocrx_word' id='word_1_8' title='bbox 1170 283 1333 322; x_wconf 86' lang='lat' dir='ltr'><strong>oratorii</strong></span> <span class='ocrx_word' id='word_1_9' title='bbox 1371 284 1570 335; x_wconf 76' lang='lat' dir='ltr'>sophistas</span> 
     </span>
     <span class='ocr_line' id='line_1_3' title="bbox 259 339 1569 390; baseline 0.004 -14"><span class='ocrx_word' id='word_1_10' title='bbox 259 347 499 388; x_wconf 80' lang='lat' dir='ltr'><strong>magnopere</strong></span> <span class='ocrx_word' id='word_1_11' title='bbox 544 341 869 385; x_wconf 83' lang='lat' dir='ltr'><strong>contemnerent,</strong></span> <span class='ocrx_word' id='word_1_12' title='bbox 909 350 1072 388; x_wconf 85' lang='lat' dir='ltr'><strong>quorum</strong></span> <span class='ocrx_word' id='word_1_13' title='bbox 1111 343 1287 390; x_wconf 79' lang='lat' dir='ltr'>argutam</span> <span class='ocrx_word' id='word_1_14' title='bbox 1324 339 1569 381; x_wconf 78' lang='lat' dir='ltr'><strong>dialecticam</strong></span> 
     </span>
     <span class='ocr_line' id='line_1_4' title="bbox 261 392 1568 448; baseline 0.003 -16"><span class='ocrx_word' id='word_1_15' title='bbox 261 393 310 432; x_wconf 82' lang='lat' dir='ltr'><strong>ad</strong></span> <span class='ocrx_word' id='word_1_16' title='bbox 347 392 572 430; x_wconf 75' lang='lat' dir='ltr'><strong>rhetoricae</strong></span> <span class='ocrx_word' id='word_1_17' title='bbox 610 394 704 430; x_wconf 84' lang='lat' dir='ltr'><strong>artis</strong></span> <span class='ocrx_word' id='word_1_18' title='bbox 742 393 974 432; x_wconf 77' lang='lat' dir='ltr'><strong>facultatem</strong></span> <span class='ocrx_word' id='word_1_19' title='bbox 1013 405 1147 444; x_wconf 85' lang='lat' dir='ltr'><strong>parum</strong></span> <span class='ocrx_word' id='word_1_20' title='bbox 1186 396 1318 433; x_wconf 70' lang='lat' dir='ltr'><strong>valere</strong></span> <span class='ocrx_word' id='word_1_21' title='bbox 1355 398 1430 434; x_wconf 87' lang='lat' dir='ltr'><strong>sibi</strong></span> <span class='ocrx_word' id='word_1_22' title='bbox 1470 410 1568 448; x_wconf 89' lang='lat' dir='ltr'><strong>per·-</strong></span> 
     </span>
     <span class='ocr_line' id='line_1_5' title="bbox 262 448 1570 503; baseline 0.004 -17"><span class='ocrx_word' id='word_1_23' title='bbox 262 449 499 496; x_wconf 85' lang='lat' dir='ltr'><strong>suasissent,</strong></span> <span class='ocrx_word' id='word_1_24' title='bbox 535 453 617 486; x_wconf 89' lang='lat' dir='ltr'><strong>tum</strong></span> <span class='ocrx_word' id='word_1_25' title='bbox 647 448 894 499; x_wconf 80' lang='lat' dir='ltr'><strong>superciliosi</strong></span> <span class='ocrx_word' id='word_1_26' title='bbox 925 453 966 488; x_wconf 89' lang='lat' dir='ltr'><strong>et</strong></span> <span class='ocrx_word' id='word_1_27' title='bbox 1004 450 1121 488; x_wconf 86' lang='lat' dir='ltr'><strong>invidi</strong></span> <span class='ocrx_word' id='word_1_28' title='bbox 1159 451 1363 490; x_wconf 83' lang='lat' dir='ltr'><strong>universae</strong></span> <span class='ocrx_word' id='word_1_29' title='bbox 1390 453 1570 503; x_wconf 86' lang='lat' dir='ltr'><strong>philoso-</strong></span> 
     </span>
     <span class='ocr_line' id='line_1_6' title="bbox 261 504 1570 557; baseline 0.005 -16"><span class='ocrx_word' id='word_1_30' title='bbox 261 504 380 555; x_wconf 88' lang='lat' dir='ltr'><strong>phiae</strong></span> <span class='ocrx_word' id='word_1_31' title='bbox 407 504 553 542; x_wconf 89' lang='lat' dir='ltr'><strong>inimici</strong></span> <span class='ocrx_word' id='word_1_32' title='bbox 583 505 832 544; x_wconf 84' lang='lat' dir='ltr'><strong>exstiterunt.</strong></span> <span class='ocrx_word' id='word_1_33' title='bbox 863 505 962 544; x_wconf 82' lang='lat' dir='ltr'><strong>Nam</strong></span> <span class='ocrx_word' id='word_1_34' title='bbox 980 507 1145 556; x_wconf 88' lang='lat' dir='ltr'><strong>primum</strong></span> <span class='ocrx_word' id='word_1_35' title='bbox 1169 506 1322 557; x_wconf 87' lang='lat' dir='ltr'><strong>quidem</strong></span> <span class='ocrx_word' id='word_1_36' title='bbox 1342 509 1430 557; x_wconf 87' lang='lat' dir='ltr'><strong>quia</strong></span> <span class='ocrx_word' id='word_1_37' title='bbox 1458 513 1570 548; x_wconf 84' lang='lat' dir='ltr'><strong>erant</strong></span> 
     </span>
     <span class='ocr_line' id='line_1_7' title="bbox 260 560 1570 612; baseline 0.003 -13"><span class='ocrx_word' id='word_1_38' title='bbox 260 561 389 599; x_wconf 89' lang='lat' dir='ltr'><strong>minus</strong></span> <span class='ocrx_word' id='word_1_39' title='bbox 427 560 592 607; x_wconf 87' lang='lat' dir='ltr'><strong>eruditi,</strong></span> <span class='ocrx_word' id='word_1_40' title='bbox 630 561 708 598; x_wconf 90' lang='lat' dir='ltr'><strong>imo</strong></span> <span class='ocrx_word' id='word_1_41' title='bbox 749 560 978 608; x_wconf 75' lang='lat' dir='ltr'><strong>semidocti,</strong></span> <span class='ocrx_word' id='word_1_42' title='bbox 1017 562 1109 612; x_wconf 87' lang='lat' dir='ltr'><strong>quid</strong></span> <span class='ocrx_word' id='word_1_43' title='bbox 1137 563 1175 600; x_wconf 88' lang='lat' dir='ltr'><strong>in</strong></span> <span class='ocrx_word' id='word_1_44' title='bbox 1207 564 1419 612; x_wconf 78' lang='lat' dir='ltr'><strong>sapientiae</strong></span> <span class='ocrx_word' id='word_1_45' title='bbox 1447 565 1570 603; x_wconf 90' lang='lat' dir='ltr'><strong>disci-</strong></span> 
     </span>
     <span class='ocr_line' id='line_1_8' title="bbox 261 615 1569 675; baseline 0.004 -21"><span class='ocrx_word' id='word_1_46' title='bbox 261 616 368 675; x_wconf 81' lang='lat' dir='ltr'><strong>plina</strong></span> <span class='ocrx_word' id='word_1_47' title='bbox 395 615 488 654; x_wconf 89' lang='lat' dir='ltr'><strong>boni</strong></span> <span class='ocrx_word' id='word_1_48' title='bbox 515 616 670 654; x_wconf 84' lang='lat' dir='ltr'><strong>inesset</strong></span> <span class='ocrx_word' id='word_1_49' title='bbox 699 620 741 654; x_wconf 91' lang='lat' dir='ltr'><strong>et</strong></span> <span class='ocrx_word' id='word_1_50' title='bbox 774 617 970 666; x_wconf 89' lang='lat' dir='ltr'><strong>quomodo</strong></span> <span class='ocrx_word' id='word_1_51' title='bbox 1007 630 1053 656; x_wconf 85' lang='lat' dir='ltr'><strong>ea</strong></span> <span class='ocrx_word' id='word_1_52' title='bbox 1079 619 1126 655; x_wconf 91' lang='lat' dir='ltr'><strong>ab</strong></span> <span class='ocrx_word' id='word_1_53' title='bbox 1156 618 1314 656; x_wconf 67' lang='lat' dir='ltr'><strong>cristina</strong></span> <span class='ocrx_word' id='word_1_54' title='bbox 1343 624 1454 659; x_wconf 87' lang='lat' dir='ltr'><strong>esset</strong></span> <span class='ocrx_word' id='word_1_55' title='bbox 1482 621 1569 659; x_wconf 85' lang='lat' dir='ltr'><strong>dis-</strong></span> 
     </span>
     <span class='ocr_line' id='line_1_9' title="bbox 259 671 1571 720; baseline 0.003 -9"><span class='ocrx_word' id='word_1_56' title='bbox 259 671 478 720; x_wconf 75' lang='lat' dir='ltr'><strong>cernenda,</strong></span> <span class='ocrx_word' id='word_1_57' title='bbox 532 672 689 710; x_wconf 82' lang='lat' dir='ltr'><strong>minime</strong></span> <span class='ocrx_word' id='word_1_58' title='bbox 725 673 1015 711; x_wconf 84' lang='lat' dir='ltr'><strong>intellexerunt.</strong></span> <span class='ocrx_word' id='word_1_59' title='bbox 1091 673 1242 712; x_wconf 81' lang='lat' dir='ltr'><strong>Deinde</strong></span> <span class='ocrx_word' id='word_1_60' title='bbox 1289 675 1571 714; x_wconf 71' lang='lat' dir='ltr'><strong>molestissime</strong></span> 
     </span>
     <span class='ocr_line' id='line_1_10' title="bbox 259 727 1571 778; baseline 0.003 -12"><span class='ocrx_word' id='word_1_61' title='bbox 259 728 462 776; x_wconf 82' lang='lat' dir='ltr'><strong>tulerunt,</strong></span> <span class='ocrx_word' id='word_1_62' title='bbox 502 728 536 766; x_wconf 87' lang='lat' dir='ltr'><strong>si</strong></span> <span class='ocrx_word' id='word_1_63' title='bbox 565 727 716 778; x_wconf 89' lang='lat' dir='ltr'><strong>quando</strong></span> <span class='ocrx_word' id='word_1_64' title='bbox 746 740 768 764; x_wconf 80' lang='lat' dir='ltr'><strong>a</strong></span> <span class='ocrx_word' id='word_1_65' title='bbox 796 728 961 766; x_wconf 87' lang='lat' dir='ltr'><strong>Socrate</strong></span> <span class='ocrx_word' id='word_1_66' title='bbox 994 729 1057 766; x_wconf 72' lang='lat' dir='ltr'><strong>vel</strong></span> <span class='ocrx_word' id='word_1_67' title='bbox 1090 730 1173 767; x_wconf 87' lang='lat' dir='ltr'><strong>eius</strong></span> <span class='ocrx_word' id='word_1_68' title='bbox 1206 730 1462 770; x_wconf 80' lang='lat' dir='ltr'><strong>familiaribus</strong></span> <span class='ocrx_word' id='word_1_69' title='bbox 1491 732 1571 770; x_wconf 89' lang='lat' dir='ltr'><strong>im-</strong></span> 
     </span>
     <span class='ocr_line' id='line_1_11' title="bbox 257 780 1571 837; baseline 0.003 -16"><span class='ocrx_word' id='word_1_70' title='bbox 257 784 439 834; x_wconf 85' lang='lat' dir='ltr'><strong>portunis</strong></span> <span class='ocrx_word' id='word_1_71' title='bbox 478 780 785 834; x_wconf 77' lang='lat' dir='ltr'><strong>quaestiunculis</strong></span> <span class='ocrx_word' id='word_1_72' title='bbox 824 789 1080 832; x_wconf 80' lang='lat' dir='ltr'><strong>vexarentur,</strong></span> <span class='ocrx_word' id='word_1_73' title='bbox 1124 784 1265 823; x_wconf 83' lang='lat' dir='ltr'><strong>famam</strong></span> <span class='ocrx_word' id='word_1_74' title='bbox 1307 798 1415 824; x_wconf 82' lang='lat' dir='ltr'><strong>suam</strong></span> <span class='ocrx_word' id='word_1_75' title='bbox 1454 792 1571 837; x_wconf 88' lang='lat' dir='ltr'><strong>atque</strong></span> 
     </span>
     <span class='ocr_line' id='line_1_12' title="bbox 259 840 1572 890; baseline 0.004 -14"><span class='ocrx_word' id='word_1_76' title='bbox 259 841 536 877; x_wconf 85' lang='lat' dir='ltr'><strong>auctoritatem</strong></span> <span class='ocrx_word' id='word_1_77' title='bbox 567 841 630 890; x_wconf 77' lang='lat' dir='ltr'><strong>agi</strong></span> <span class='ocrx_word' id='word_1_78' title='bbox 659 840 951 888; x_wconf 78' lang='lat' dir='ltr'><strong>existimantes,</strong></span> <span class='ocrx_word' id='word_1_79' title='bbox 981 841 1013 878; x_wconf 91' lang='lat' dir='ltr'><strong>si</strong></span> <span class='ocrx_word' id='word_1_80' title='bbox 1044 841 1194 890; x_wconf 86' lang='lat' dir='ltr'><strong>quando</strong></span> <span class='ocrx_word' id='word_1_81' title='bbox 1223 842 1269 879; x_wconf 86' lang='lat' dir='ltr'><strong>ab</strong></span> <span class='ocrx_word' id='word_1_82' title='bbox 1298 842 1346 879; x_wconf 92' lang='lat' dir='ltr'><strong>iis</strong></span> <span class='ocrx_word' id='word_1_83' title='bbox 1376 843 1572 881; x_wconf 74' lang='lat' dir='ltr'><strong>confutati</strong></span> 
     </span>
     <span class='ocr_line' id='line_1_13' title="bbox 257 895 1571 946; baseline 0.002 -13"><span class='ocrx_word' id='word_1_84' title='bbox 257 895 498 933; x_wconf 84' lang='lat' dir='ltr'><strong>viderentur.</strong></span> <span class='ocrx_word' id='word_1_85' title='bbox 556 896 644 943; x_wconf 72' lang='lat' dir='ltr'><strong>Quo</strong></span> <span class='ocrx_word' id='word_1_86' title='bbox 675 895 822 933; x_wconf 83' lang='lat' dir='ltr'><strong>sactum</strong></span> <span class='ocrx_word' id='word_1_87' title='bbox 844 899 920 942; x_wconf 85' lang='lat' dir='ltr'><strong>est,</strong></span> <span class='ocrx_word' id='word_1_88' title='bbox 949 900 992 933; x_wconf 88' lang='lat' dir='ltr'><strong>ut</strong></span> <span class='ocrx_word' id='word_1_89' title='bbox 1021 909 1118 946; x_wconf 90' lang='lat' dir='ltr'><strong>quae</strong></span> <span class='ocrx_word' id='word_1_90' title='bbox 1139 898 1428 936; x_wconf 82' lang='lat' dir='ltr'><strong>criminationes</strong></span> <span class='ocrx_word' id='word_1_91' title='bbox 1457 899 1571 936; x_wconf 87' lang='lat' dir='ltr'><strong>unice</strong></span> 
     </span>
     <span class='ocr_line' id='line_1_14' title="bbox 257 952 1573 1002; baseline 0.002 -13"><span class='ocrx_word' id='word_1_92' title='bbox 257 952 298 989; x_wconf 86' lang='lat' dir='ltr'><strong>in</strong></span> <span class='ocrx_word' id='word_1_93' title='bbox 334 953 501 989; x_wconf 84' lang='lat' dir='ltr'><strong>rixosam</strong></span> <span class='ocrx_word' id='word_1_94' title='bbox 542 952 646 988; x_wconf 87' lang='lat' dir='ltr'><strong>illam</strong></span> <span class='ocrx_word' id='word_1_95' title='bbox 687 955 728 988; x_wconf 89' lang='lat' dir='ltr'><strong>et</strong></span> <span class='ocrx_word' id='word_1_96' title='bbox 766 953 1053 989; x_wconf 85' lang='lat' dir='ltr'><strong>contentiosam</strong></span> <span class='ocrx_word' id='word_1_97' title='bbox 1091 953 1344 1002; x_wconf 83' lang='lat' dir='ltr'><strong>sophisticam</strong></span> <span class='ocrx_word' id='word_1_98' title='bbox 1384 955 1573 992; x_wconf 79' lang='lat' dir='ltr'><strong>couveni-</strong></span> 
     </span>
     <span class='ocr_line' id='line_1_15' title="bbox 259 1007 1573 1059; baseline 0.002 -14"><span class='ocrx_word' id='word_1_99' title='bbox 259 1011 372 1053; x_wconf 78' lang='lat' dir='ltr'><strong>rent,</strong></span> <span class='ocrx_word' id='word_1_100' title='bbox 409 1020 475 1045; x_wconf 83' lang='lat' dir='ltr'><strong>eas</strong></span> <span class='ocrx_word' id='word_1_101' title='bbox 515 1007 553 1044; x_wconf 92' lang='lat' dir='ltr'><strong>in</strong></span> <span class='ocrx_word' id='word_1_102' title='bbox 587 1007 805 1044; x_wconf 81' lang='lat' dir='ltr'><strong>universam</strong></span> <span class='ocrx_word' id='word_1_103' title='bbox 849 1007 1139 1057; x_wconf 80' lang='lat' dir='ltr'><strong>philosophiam</strong></span> <span class='ocrx_word' id='word_1_104' title='bbox 1178 1009 1420 1047; x_wconf 86' lang='lat' dir='ltr'><strong>coniicerent</strong></span> <span class='ocrx_word' id='word_1_105' title='bbox 1454 1014 1573 1059; x_wconf 81' lang='lat' dir='ltr'><strong>atque</strong></span> 
     </span>
    </p>
   </div>
   <div class='ocr_carea' id='block_1_3' title="bbox 210 1063 1572 1104">
    <p class='ocr_par' dir='ltr' id='par_1_3' title="bbox 210 1063 1572 1104">
     <span class='ocr_line' id='line_1_16' title="bbox 210 1063 1572 1104; baseline 0.003 -4"><span class='ocrx_word' id='word_1_106' title='bbox 210 1086 212 1088; x_wconf 60' lang='lat'>&gt;</span> <span class='ocrx_word' id='word_1_107' title='bbox 260 1063 437 1101; x_wconf 89' lang='lat' dir='ltr'><strong>Socratis</strong></span> <span class='ocrx_word' id='word_1_108' title='bbox 479 1063 674 1100; x_wconf 87' lang='lat' dir='ltr'><strong>rationem</strong></span> <span class='ocrx_word' id='word_1_109' title='bbox 722 1075 808 1100; x_wconf 91' lang='lat' dir='ltr'><strong>cum</strong></span> <span class='ocrx_word' id='word_1_110' title='bbox 858 1063 925 1100; x_wconf 85' lang='lat' dir='ltr'><strong>illa</strong></span> <span class='ocrx_word' id='word_1_111' title='bbox 967 1063 1105 1100; x_wconf 87' lang='lat' dir='ltr'><strong>sedulo</strong></span> <span class='ocrx_word' id='word_1_112' title='bbox 1142 1064 1442 1104; x_wconf 82' lang='lat' dir='ltr'><strong>confunderent.</strong></span> <span class='ocrx_word' id='word_1_113' title='bbox 1512 1065 1572 1104; x_wconf 75' lang='lat' dir='ltr'><strong>Ita</strong></span> 
     </span>
    </p>
   </div>
   <div class='ocr_carea' id='block_1_4' title="bbox 255 1118 1574 2052">
    <p class='ocr_par' dir='ltr' id='par_1_4' title="bbox 255 1118 1574 2052">
     <span class='ocr_line' id='line_1_17' title="bbox 260 1118 1572 1169; baseline 0.002 -13"><span class='ocrx_word' id='word_1_114' title='bbox 260 1119 384 1168; x_wconf 83' lang='lat' dir='ltr'><strong>igitur</strong></span> <span class='ocrx_word' id='word_1_115' title='bbox 430 1118 507 1156; x_wconf 89' lang='lat' dir='ltr'><strong>hoc</strong></span> <span class='ocrx_word' id='word_1_116' title='bbox 558 1118 757 1156; x_wconf 78' lang='lat' dir='ltr'><strong>hominum</strong></span> <span class='ocrx_word' id='word_1_117' title='bbox 797 1130 920 1168; x_wconf 82' lang='lat' dir='ltr'><strong>genus</strong></span> <span class='ocrx_word' id='word_1_118' title='bbox 956 1119 1040 1156; x_wconf 65' lang='lat' dir='ltr'><strong>viro</strong></span> <span class='ocrx_word' id='word_1_119' title='bbox 1071 1120 1242 1169; x_wconf 91' lang='lat' dir='ltr'><strong>optimo,</strong></span> <span class='ocrx_word' id='word_1_120' title='bbox 1277 1121 1471 1159; x_wconf 80' lang='lat' dir='ltr'><strong>acerrimo</strong></span> <span class='ocrx_word' id='word_1_121' title='bbox 1500 1133 1572 1159; x_wconf 86' lang='lat' dir='ltr'><strong>so-</strong></span> 
     </span>
     <span class='ocr_line' id='line_1_18' title="bbox 260 1174 1573 1228; baseline 0.003 -17"><span class='ocrx_word' id='word_1_122' title='bbox 260 1175 478 1225; x_wconf 88' lang='lat' dir='ltr'><strong>phistarum</strong></span> <span class='ocrx_word' id='word_1_123' title='bbox 507 1174 751 1224; x_wconf 82' lang='lat' dir='ltr'><strong>exagitatori,</strong></span> <span class='ocrx_word' id='word_1_124' title='bbox 781 1174 945 1228; x_wconf 71' lang='lat' dir='ltr'><strong>multum</strong></span> <span class='ocrx_word' id='word_1_125' title='bbox 977 1175 1142 1213; x_wconf 85' lang='lat' dir='ltr'><strong>invidiae</strong></span> <span class='ocrx_word' id='word_1_126' title='bbox 1169 1179 1288 1225; x_wconf 85' lang='lat' dir='ltr'><strong>atque</strong></span> <span class='ocrx_word' id='word_1_127' title='bbox 1317 1176 1397 1215; x_wconf 88' lang='lat' dir='ltr'><strong>odii</strong></span> <span class='ocrx_word' id='word_1_128' title='bbox 1425 1178 1573 1215; x_wconf 87' lang='lat' dir='ltr'><strong>confla·</strong></span> 
     </span>
     <span class='ocr_line' id='line_1_19' title="bbox 258 1229 1572 1280; baseline 0.003 -13"><span class='ocrx_word' id='word_1_129' title='bbox 258 1230 340 1276; x_wconf 75' lang='lat' dir='ltr'><strong>vit,</strong></span> <span class='ocrx_word' id='word_1_130' title='bbox 370 1234 413 1268; x_wconf 84' lang='lat' dir='ltr'><strong>ut</strong></span> <span class='ocrx_word' id='word_1_131' title='bbox 441 1229 658 1268; x_wconf 87' lang='lat' dir='ltr'><strong>mirandum</strong></span> <span class='ocrx_word' id='word_1_132' title='bbox 690 1229 877 1279; x_wconf 88' lang='lat' dir='ltr'><strong>profecto</strong></span> <span class='ocrx_word' id='word_1_133' title='bbox 906 1242 981 1268; x_wconf 89' lang='lat' dir='ltr'><strong>non</strong></span> <span class='ocrx_word' id='word_1_134' title='bbox 1015 1232 1078 1277; x_wconf 80' lang='lat' dir='ltr'><strong>sit,</strong></span> <span class='ocrx_word' id='word_1_135' title='bbox 1108 1232 1209 1280; x_wconf 89' lang='lat' dir='ltr'><strong>quod</strong></span> <span class='ocrx_word' id='word_1_136' title='bbox 1241 1231 1354 1270; x_wconf 90' lang='lat' dir='ltr'><strong>Plato</strong></span> <span class='ocrx_word' id='word_1_137' title='bbox 1385 1244 1455 1271; x_wconf 89' lang='lat' dir='ltr'><strong>eos</strong></span> <span class='ocrx_word' id='word_1_138' title='bbox 1484 1237 1572 1272; x_wconf 83' lang='lat' dir='ltr'><strong>tan-</strong></span> 
     </span>
     <span class='ocr_line' id='line_1_20' title="bbox 261 1285 1572 1337; baseline 0.004 -15"><span class='ocrx_word' id='word_1_139' title='bbox 261 1297 376 1335; x_wconf 86' lang='lat' dir='ltr'><strong>quam</strong></span> <span class='ocrx_word' id='word_1_140' title='bbox 407 1286 641 1323; x_wconf 85' lang='lat' dir='ltr'><strong>temerarios</strong></span> <span class='ocrx_word' id='word_1_141' title='bbox 683 1285 863 1323; x_wconf 87' lang='lat' dir='ltr'><strong>homines</strong></span> <span class='ocrx_word' id='word_1_142' title='bbox 894 1290 934 1324; x_wconf 85' lang='lat' dir='ltr'><strong>et</strong></span> <span class='ocrx_word' id='word_1_143' title='bbox 964 1286 1119 1335; x_wconf 83' lang='lat' dir='ltr'><strong>ineptos</strong></span> <span class='ocrx_word' id='word_1_144' title='bbox 1150 1287 1423 1337; x_wconf 84' lang='lat' dir='ltr'><strong>philosophiae</strong></span> <span class='ocrx_word' id='word_1_145' title='bbox 1452 1293 1572 1337; x_wconf 84' lang='lat' dir='ltr'><strong>atque</strong></span> 
     </span>
     <span class='ocr_line' id='line_1_21' title="bbox 260 1341 1574 1391; baseline 0.003 -12"><span class='ocrx_word' id='word_1_146' title='bbox 260 1342 383 1391; x_wconf 85' lang='lat' dir='ltr'><strong>ipsius</strong></span> <span class='ocrx_word' id='word_1_147' title='bbox 434 1341 609 1380; x_wconf 89' lang='lat' dir='ltr'><strong>Socratis</strong></span> <span class='ocrx_word' id='word_1_148' title='bbox 661 1341 973 1391; x_wconf 87' lang='lat' dir='ltr'><strong>reprehensores</strong></span> <span class='ocrx_word' id='word_1_149' title='bbox 1018 1348 1178 1391; x_wconf 83' lang='lat' dir='ltr'><strong>praeter</strong></span> <span class='ocrx_word' id='word_1_150' title='bbox 1225 1348 1383 1382; x_wconf 88' lang='lat' dir='ltr'><strong>ceteros</strong></span> <span class='ocrx_word' id='word_1_151' title='bbox 1429 1346 1574 1383; x_wconf 85' lang='lat' dir='ltr'><strong>acerbe</strong></span> 
     </span>
     <span class='ocr_line' id='line_1_22' title="bbox 261 1397 1573 1447; baseline 0.003 -12"><span class='ocrx_word' id='word_1_152' title='bbox 261 1397 525 1447; x_wconf 80' lang='lat' dir='ltr'><strong>castigaverit.</strong></span> <span class='ocrx_word' id='word_1_153' title='bbox 584 1398 715 1446; x_wconf 87' lang='lat' dir='ltr'><strong>Atque</strong></span> <span class='ocrx_word' id='word_1_154' title='bbox 744 1409 791 1434; x_wconf 84' lang='lat' dir='ltr'><strong>ex</strong></span> <span class='ocrx_word' id='word_1_155' title='bbox 820 1397 896 1434; x_wconf 91' lang='lat' dir='ltr'><strong>hoc</strong></span> <span class='ocrx_word' id='word_1_156' title='bbox 926 1397 1065 1435; x_wconf 89' lang='lat' dir='ltr'><strong>eodem</strong></span> <span class='ocrx_word' id='word_1_157' title='bbox 1096 1398 1210 1436; x_wconf 82' lang='lat' dir='ltr'><strong>fonte</strong></span> <span class='ocrx_word' id='word_1_158' title='bbox 1252 1398 1426 1437; x_wconf 82' lang='lat' dir='ltr'><strong>fortasse</strong></span> <span class='ocrx_word' id='word_1_159' title='bbox 1454 1401 1573 1439; x_wconf 87' lang='lat' dir='ltr'><strong>etiam</strong></span> 
     </span>
     <span class='ocr_line' id='line_1_23' title="bbox 262 1452 1573 1502; baseline 0.003 -12"><span class='ocrx_word' id='word_1_160' title='bbox 262 1453 393 1490; x_wconf 90' lang='lat' dir='ltr'><strong>odium</strong></span> <span class='ocrx_word' id='word_1_161' title='bbox 422 1453 518 1490; x_wconf 89' lang='lat' dir='ltr'><strong>illud</strong></span> <span class='ocrx_word' id='word_1_162' title='bbox 547 1454 585 1491; x_wconf 90' lang='lat' dir='ltr'><strong>in</strong></span> <span class='ocrx_word' id='word_1_163' title='bbox 614 1452 770 1502; x_wconf 71' lang='lat' dir='ltr'><strong>Lysiam</strong></span> <span class='ocrx_word' id='word_1_164' title='bbox 802 1453 932 1500; x_wconf 82' lang='lat' dir='ltr'><strong>fluxit,</strong></span> <span class='ocrx_word' id='word_1_165' title='bbox 975 1465 1087 1501; x_wconf 82' lang='lat' dir='ltr'><strong>quem</strong></span> <span class='ocrx_word' id='word_1_166' title='bbox 1119 1456 1293 1492; x_wconf 75' lang='lat' dir='ltr'><strong>novimus</strong></span> <span class='ocrx_word' id='word_1_167' title='bbox 1324 1456 1360 1493; x_wconf 90' lang='lat' dir='ltr'><strong>in</strong></span> <span class='ocrx_word' id='word_1_168' title='bbox 1391 1455 1573 1494; x_wconf 78' lang='lat' dir='ltr'><strong>Phaedro</strong></span> 
     </span>
     <span class='ocr_line' id='line_1_24' title="bbox 260 1507 1572 1559; baseline 0.004 -14"><span class='ocrx_word' id='word_1_169' title='bbox 260 1509 369 1559; x_wconf 83' lang='lat' dir='ltr'><strong>gravi</strong></span> <span class='ocrx_word' id='word_1_170' title='bbox 407 1521 574 1546; x_wconf 85' lang='lat' dir='ltr'><strong>censura</strong></span> <span class='ocrx_word' id='word_1_171' title='bbox 602 1516 623 1545; x_wconf 84' lang='lat' dir='ltr'><strong>a</strong></span> <span class='ocrx_word' id='word_1_172' title='bbox 653 1507 889 1558; x_wconf 83' lang='lat' dir='ltr'><strong>philosopho</strong></span> <span class='ocrx_word' id='word_1_173' title='bbox 931 1521 1019 1545; x_wconf 86' lang='lat' dir='ltr'><strong>esse</strong></span> <span class='ocrx_word' id='word_1_174' title='bbox 1050 1514 1238 1549; x_wconf 81' lang='lat' dir='ltr'><strong>notatum.</strong></span> <span class='ocrx_word' id='word_1_175' title='bbox 1298 1510 1507 1549; x_wconf 76' lang='lat' dir='ltr'><strong>Enimvero</strong></span> <span class='ocrx_word' id='word_1_176' title='bbox 1537 1513 1572 1550; x_wconf 81' lang='lat' dir='ltr'><strong>is</strong></span> 
     </span>
     <span class='ocr_line' id='line_1_25' title="bbox 260 1563 1570 1615; baseline 0.002 -13"><span class='ocrx_word' id='word_1_177' title='bbox 260 1565 338 1602; x_wconf 87' lang='lat' dir='ltr'><strong>etsi</strong></span> <span class='ocrx_word' id='word_1_178' title='bbox 376 1563 565 1602; x_wconf 81' lang='lat' dir='ltr'><strong>benevolo</strong></span> <span class='ocrx_word' id='word_1_179' title='bbox 603 1564 642 1601; x_wconf 91' lang='lat' dir='ltr'><strong>in</strong></span> <span class='ocrx_word' id='word_1_180' title='bbox 681 1563 885 1601; x_wconf 84' lang='lat' dir='ltr'><strong>Socratem</strong></span> <span class='ocrx_word' id='word_1_181' title='bbox 923 1564 1050 1602; x_wconf 88' lang='lat' dir='ltr'><strong>animo</strong></span> <span class='ocrx_word' id='word_1_182' title='bbox 1089 1564 1184 1611; x_wconf 83' lang='lat' dir='ltr'><strong>fuit,</strong></span> <span class='ocrx_word' id='word_1_183' title='bbox 1236 1566 1269 1602; x_wconf 92' lang='lat' dir='ltr'><strong>si</strong></span> <span class='ocrx_word' id='word_1_184' title='bbox 1307 1566 1397 1615; x_wconf 80' lang='lat' dir='ltr'><strong>quid</strong></span> <span class='ocrx_word' id='word_1_185' title='bbox 1437 1579 1484 1604; x_wconf 79' lang='lat' dir='ltr'><strong>ex</strong></span> <span class='ocrx_word' id='word_1_186' title='bbox 1521 1568 1570 1606; x_wconf 91' lang='lat' dir='ltr'><strong>iis</strong></span> 
     </span>
     <span class='ocr_line' id='line_1_26' title="bbox 261 1619 1570 1671; baseline 0.002 -14"><span class='ocrx_word' id='word_1_187' title='bbox 261 1619 453 1670; x_wconf 73' lang='lat' dir='ltr'><strong>colligere</strong></span> <span class='ocrx_word' id='word_1_188' title='bbox 491 1620 609 1666; x_wconf 88' lang='lat' dir='ltr'><strong>licet,</strong></span> <span class='ocrx_word' id='word_1_189' title='bbox 650 1632 749 1668; x_wconf 88' lang='lat' dir='ltr'><strong>quae</strong></span> <span class='ocrx_word' id='word_1_190' title='bbox 789 1624 920 1658; x_wconf 88' lang='lat' dir='ltr'><strong>narrat</strong></span> <span class='ocrx_word' id='word_1_191' title='bbox 948 1620 1128 1658; x_wconf 84' lang='lat' dir='ltr'><strong>Cicero</strong></span> <span class='ocrx_word' id='word_1_192' title='bbox 1159 1621 1216 1658; x_wconf 79' lang='lat' dir='ltr'><strong>De</strong></span> <span class='ocrx_word' id='word_1_193' title='bbox 1245 1621 1402 1663; x_wconf 85' lang='lat' dir='ltr'><strong>Orator.</strong></span> <span class='ocrx_word' id='word_1_194' title='bbox 1433 1622 1462 1660; x_wconf 92' lang='grc' dir='ltr'><strong>Ι.</strong></span> <span class='ocrx_word' id='word_1_195' title='bbox 1487 1622 1570 1671; x_wconf 61' lang='lat'><strong>54„</strong></span> 
     </span>
     <span class='ocr_line' id='line_1_27' title="bbox 260 1675 1570 1715; baseline 0.002 -2"><span class='ocrx_word' id='word_1_196' title='bbox 260 1680 393 1714; x_wconf 82' lang='lat' dir='ltr'><strong>tamen</strong></span> <span class='ocrx_word' id='word_1_197' title='bbox 421 1675 574 1713; x_wconf 86' lang='lat' dir='ltr'><strong>Platoni</strong></span> <span class='ocrx_word' id='word_1_198' title='bbox 604 1688 650 1712; x_wconf 84' lang='lat' dir='ltr'><strong>ex</strong></span> <span class='ocrx_word' id='word_1_199' title='bbox 686 1676 890 1713; x_wconf 86' lang='lat' dir='ltr'><strong>itineribus</strong></span> <span class='ocrx_word' id='word_1_200' title='bbox 920 1676 1055 1714; x_wconf 84' lang='lat' dir='ltr'><strong>reduci</strong></span> <span class='ocrx_word' id='word_1_201' title='bbox 1084 1676 1173 1714; x_wconf 84' lang='lat' dir='ltr'><strong>ideo</strong></span> <span class='ocrx_word' id='word_1_202' title='bbox 1205 1677 1451 1715; x_wconf 84' lang='lat' dir='ltr'><strong>stomachum</strong></span> <span class='ocrx_word' id='word_1_203' title='bbox 1481 1690 1570 1715; x_wconf 88' lang='lat' dir='ltr'><strong>mo·-</strong></span> 
     </span>
     <span class='ocr_line' id='line_1_28' title="bbox 258 1732 1570 1781; baseline 0.002 -12"><span class='ocrx_word' id='word_1_204' title='bbox 258 1732 336 1776; x_wconf 80' lang='lat' dir='ltr'><strong>vit,</strong></span> <span class='ocrx_word' id='word_1_205' title='bbox 367 1733 455 1780; x_wconf 83' lang='lat' dir='ltr'><strong>quia</strong></span> <span class='ocrx_word' id='word_1_206' title='bbox 485 1743 601 1780; x_wconf 88' lang='lat' dir='ltr'><strong>quum</strong></span> <span class='ocrx_word' id='word_1_207' title='bbox 631 1732 792 1781; x_wconf 79' lang='lat' dir='ltr'><strong>insignis</strong></span> <span class='ocrx_word' id='word_1_208' title='bbox 821 1732 993 1770; x_wconf 87' lang='lat' dir='ltr'><strong>rhetoris</strong></span> <span class='ocrx_word' id='word_1_209' title='bbox 1026 1732 1138 1769; x_wconf 87' lang='lat' dir='ltr'><strong>laude</strong></span> <span class='ocrx_word' id='word_1_210' title='bbox 1168 1733 1346 1780; x_wconf 82' lang='lat' dir='ltr'><strong>floreret,</strong></span> <span class='ocrx_word' id='word_1_211' title='bbox 1386 1737 1516 1771; x_wconf 85' lang='lat' dir='ltr'><strong>tamen</strong></span> <span class='ocrx_word' id='word_1_212' title='bbox 1546 1746 1570 1773; x_wconf 84' lang='lat' dir='ltr'><strong>a</strong></span> 
     </span>
     <span class='ocr_line' id='line_1_29' title="bbox 260 1787 1568 1837; baseline 0.002 -13"><span class='ocrx_word' id='word_1_213' title='bbox 260 1787 510 1837; x_wconf 86' lang='lat' dir='ltr'><strong>philosophia</strong></span> <span class='ocrx_word' id='word_1_214' title='bbox 569 1792 654 1824; x_wconf 88' lang='lat' dir='ltr'><strong>erat</strong></span> <span class='ocrx_word' id='word_1_215' title='bbox 710 1787 824 1836; x_wconf 89' lang='lat' dir='ltr'><strong>plane</strong></span> <span class='ocrx_word' id='word_1_216' title='bbox 884 1788 1033 1826; x_wconf 86' lang='lat' dir='ltr'><strong>alienus</strong></span> <span class='ocrx_word' id='word_1_217' title='bbox 1082 1789 1252 1836; x_wconf 82' lang='lat' dir='ltr'><strong>ideoque</strong></span> <span class='ocrx_word' id='word_1_218' title='bbox 1314 1789 1411 1826; x_wconf 86' lang='lat' dir='ltr'><strong>artis</strong></span> <span class='ocrx_word' id='word_1_219' title='bbox 1475 1802 1568 1827; x_wconf 83' lang='lat' dir='ltr'><strong>ora-</strong></span> 
     </span>
     <span class='ocr_line' id='line_1_30' title="bbox 258 1843 1566 1892; baseline 0.002 -12"><span class='ocrx_word' id='word_1_220' title='bbox 258 1844 387 1881; x_wconf 84' lang='lat' dir='ltr'><strong>toriae</strong></span> <span class='ocrx_word' id='word_1_221' title='bbox 427 1843 657 1880; x_wconf 82' lang='lat' dir='ltr'><strong>facultatem</strong></span> <span class='ocrx_word' id='word_1_222' title='bbox 695 1844 816 1892; x_wconf 83' lang='lat' dir='ltr'><strong>magis</strong></span> <span class='ocrx_word' id='word_1_223' title='bbox 855 1855 926 1880; x_wconf 90' lang='lat' dir='ltr'><strong>usu</strong></span> <span class='ocrx_word' id='word_1_224' title='bbox 968 1848 1009 1881; x_wconf 85' lang='lat' dir='ltr'><strong>et</strong></span> <span class='ocrx_word' id='word_1_225' title='bbox 1049 1845 1330 1882; x_wconf 82' lang='lat' dir='ltr'><strong>exercitatione</strong></span> <span class='ocrx_word' id='word_1_226' title='bbox 1359 1845 1566 1883; x_wconf 83' lang='lat' dir='ltr'><strong>collectam</strong></span> 
     </span>
     <span class='ocr_line' id='line_1_31' title="bbox 258 1899 1567 1949; baseline 0.002 -13"><span class='ocrx_word' id='word_1_227' title='bbox 258 1910 372 1948; x_wconf 87' lang='lat' dir='ltr'><strong>quam</strong></span> <span class='ocrx_word' id='word_1_228' title='bbox 402 1900 557 1937; x_wconf 89' lang='lat' dir='ltr'><strong>ratione</strong></span> <span class='ocrx_word' id='word_1_229' title='bbox 585 1900 779 1936; x_wconf 87' lang='lat' dir='ltr'><strong>inventam</strong></span> <span class='ocrx_word' id='word_1_230' title='bbox 811 1902 852 1936; x_wconf 87' lang='lat' dir='ltr'><strong>et</strong></span> <span class='ocrx_word' id='word_1_231' title='bbox 878 1899 1097 1948; x_wconf 83' lang='lat' dir='ltr'><strong>perfectam</strong></span> <span class='ocrx_word' id='word_1_232' title='bbox 1127 1901 1310 1937; x_wconf 84' lang='lat' dir='ltr'><strong>tenebat:</strong></span> <span class='ocrx_word' id='word_1_233' title='bbox 1339 1899 1388 1938; x_wconf 89' lang='lat' dir='ltr'><strong>de</strong></span> <span class='ocrx_word' id='word_1_234' title='bbox 1420 1913 1493 1949; x_wconf 85' lang='lat' dir='ltr'><strong>qua</strong></span> <span class='ocrx_word' id='word_1_235' title='bbox 1522 1913 1567 1939; x_wconf 89' lang='lat' dir='ltr'><strong>re</strong></span> 
     </span>
     <span class='ocr_line' id='line_1_32' title="bbox 255 1954 1565 2007; baseline 0.002 -14"><span class='ocrx_word' id='word_1_236' title='bbox 255 1955 296 1993; x_wconf 91' lang='lat' dir='ltr'><strong>in</strong></span> <span class='ocrx_word' id='word_1_237' title='bbox 334 1954 634 2006; x_wconf 82' lang='lat' dir='ltr'><strong>Prolegomenis</strong></span> <span class='ocrx_word' id='word_1_238' title='bbox 675 1954 724 1992; x_wconf 87' lang='lat' dir='ltr'><strong>ad</strong></span> <span class='ocrx_word' id='word_1_239' title='bbox 751 1954 974 1994; x_wconf 86' lang='lat' dir='ltr'><strong>Phaedrum</strong></span> <span class='ocrx_word' id='word_1_240' title='bbox 1016 1961 1058 1994; x_wconf 85' lang='lat' dir='ltr'><strong>ct</strong></span> <span class='ocrx_word' id='word_1_241' title='bbox 1094 1955 1359 1994; x_wconf 83' lang='lat' dir='ltr'><strong>Meuexeuum</strong></span> <span class='ocrx_word' id='word_1_242' title='bbox 1391 1957 1565 2007; x_wconf 84' lang='lat' dir='ltr'><strong>explica-</strong></span> 
     </span>
     <span class='ocr_line' id='line_1_33' title="bbox 255 2013 446 2052; baseline 0.01 -3"><span class='ocrx_word' id='word_1_243' title='bbox 255 2013 340 2049; x_wconf 84' lang='lat' dir='ltr'><strong>tum</strong></span> <span class='ocrx_word' id='word_1_244' title='bbox 370 2015 446 2052; x_wconf 84' lang='lat' dir='ltr'><strong>est.</strong></span> 
     </span>
    </p>
   </div>
   <div class='ocr_carea' id='block_1_5' title="bbox 248 2120 1565 2733">
    <p class='ocr_par' dir='ltr' id='par_1_5' title="bbox 248 2120 1565 2733">
     <span class='ocr_line' id='line_1_34' title="bbox 370 2120 1565 2172; baseline -0.001 -12"><span class='ocrx_word' id='word_1_245' title='bbox 370 2121 468 2160; x_wconf 87' lang='lat' dir='ltr'><strong>Cum</strong></span> <span class='ocrx_word' id='word_1_246' title='bbox 497 2122 667 2161; x_wconf 84' lang='lat' dir='ltr'><strong>universi</strong></span> <span class='ocrx_word' id='word_1_247' title='bbox 696 2121 786 2160; x_wconf 88' lang='lat' dir='ltr'><strong>libri</strong></span> <span class='ocrx_word' id='word_1_248' title='bbox 810 2124 1040 2172; x_wconf 76' lang='lat' dir='ltr'><strong>argumento</strong></span> <span class='ocrx_word' id='word_1_249' title='bbox 1070 2120 1274 2171; x_wconf 87' lang='lat' dir='ltr'><strong>praeclare</strong></span> <span class='ocrx_word' id='word_1_250' title='bbox 1302 2121 1483 2171; x_wconf 84' lang='lat' dir='ltr'><strong>congruit</strong></span> <span class='ocrx_word' id='word_1_251' title='bbox 1510 2120 1565 2159; x_wconf 85' lang='lat' dir='ltr'><strong>il-</strong></span> 
     </span>
     <span class='ocr_line' id='line_1_35' title="bbox 255 2175 1563 2228; baseline 0.001 -13"><span class='ocrx_word' id='word_1_252' title='bbox 255 2175 348 2223; x_wconf 86' lang='lat' dir='ltr'><strong>lud,</strong></span> <span class='ocrx_word' id='word_1_253' title='bbox 387 2177 491 2226; x_wconf 85' lang='lat' dir='ltr'><strong>quod</strong></span> <span class='ocrx_word' id='word_1_254' title='bbox 529 2180 567 2216; x_wconf 86' lang='lat' dir='ltr'><strong>in</strong></span> <span class='ocrx_word' id='word_1_255' title='bbox 609 2179 796 2228; x_wconf 88' lang='lat' dir='ltr'><strong>principio</strong></span> <span class='ocrx_word' id='word_1_256' title='bbox 827 2184 945 2227; x_wconf 88' lang='lat' dir='ltr'><strong>atque</strong></span> <span class='ocrx_word' id='word_1_257' title='bbox 983 2178 1064 2215; x_wconf 81' lang='lat' dir='ltr'><strong>fine</strong></span> <span class='ocrx_word' id='word_1_258' title='bbox 1098 2177 1290 2214; x_wconf 87' lang='lat' dir='ltr'><strong>sermonis</strong></span> <span class='ocrx_word' id='word_1_259' title='bbox 1321 2175 1474 2214; x_wconf 83' lang='lat' dir='ltr'><strong>Critoni</strong></span> <span class='ocrx_word' id='word_1_260' title='bbox 1503 2178 1563 2216; x_wconf 90' lang='lat' dir='ltr'><strong>in-</strong></span> 
     </span>
     <span class='ocr_line' id='line_1_36' title="bbox 255 2232 1564 2284; baseline 0.001 -14"><span class='ocrx_word' id='word_1_261' title='bbox 255 2233 510 2271; x_wconf 87' lang='lat' dir='ltr'><strong>terlocutoris</strong></span> <span class='ocrx_word' id='word_1_262' title='bbox 539 2240 672 2284; x_wconf 88' lang='lat' dir='ltr'><strong>partes</strong></span> <span class='ocrx_word' id='word_1_263' title='bbox 702 2236 935 2274; x_wconf 83' lang='lat' dir='ltr'><strong>tribuuntur.</strong></span> <span class='ocrx_word' id='word_1_264' title='bbox 994 2232 1114 2271; x_wconf 88' lang='lat' dir='ltr'><strong>Cuius</strong></span> <span class='ocrx_word' id='word_1_265' title='bbox 1140 2233 1211 2270; x_wconf 82' lang='lat' dir='ltr'><strong>viri</strong></span> <span class='ocrx_word' id='word_1_266' title='bbox 1240 2232 1418 2281; x_wconf 84' lang='lat' dir='ltr'><strong>exemplo</strong></span> <span class='ocrx_word' id='word_1_267' title='bbox 1450 2245 1564 2271; x_wconf 87' lang='lat' dir='ltr'><strong>sane-</strong></span> 
     </span>
     <span class='ocr_line' id='line_1_37' title="bbox 254 2288 1563 2338; baseline 0.001 -12"><span class='ocrx_word' id='word_1_268' title='bbox 254 2300 368 2338; x_wconf 89' lang='lat' dir='ltr'><strong>quam</strong></span> <span class='ocrx_word' id='word_1_269' title='bbox 400 2291 717 2328; x_wconf 84' lang='lat' dir='ltr'><strong>commodissime</strong></span> <span class='ocrx_word' id='word_1_270' title='bbox 747 2290 938 2328; x_wconf 84' lang='lat' dir='ltr'><strong>declarari</strong></span> <span class='ocrx_word' id='word_1_271' title='bbox 967 2290 1095 2338; x_wconf 86' lang='lat' dir='ltr'><strong>potuit</strong></span> <span class='ocrx_word' id='word_1_272' title='bbox 1123 2301 1194 2338; x_wconf 85' lang='lat' dir='ltr'><strong>per</strong></span> <span class='ocrx_word' id='word_1_273' title='bbox 1222 2288 1356 2325; x_wconf 86' lang='lat' dir='ltr'><strong>inanes</strong></span> <span class='ocrx_word' id='word_1_274' title='bbox 1388 2288 1478 2327; x_wconf 87' lang='lat' dir='ltr'><strong>illos</strong></span> <span class='ocrx_word' id='word_1_275' title='bbox 1507 2289 1563 2327; x_wconf 90' lang='lat' dir='ltr'><strong>ri-</strong></span> 
     </span>
     <span class='ocr_line' id='line_1_38' title="bbox 252 2344 1562 2393; baseline -0.001 -10"><span class='ocrx_word' id='word_1_276' title='bbox 252 2344 367 2383; x_wconf 86' lang='lat' dir='ltr'><strong>xandi</strong></span> <span class='ocrx_word' id='word_1_277' title='bbox 406 2346 579 2384; x_wconf 83' lang='lat' dir='ltr'><strong>artifices</strong></span> <span class='ocrx_word' id='word_1_278' title='bbox 618 2350 769 2384; x_wconf 85' lang='lat' dir='ltr'><strong>tautum</strong></span> <span class='ocrx_word' id='word_1_279' title='bbox 802 2345 967 2383; x_wconf 85' lang='lat' dir='ltr'><strong>invidiae</strong></span> <span class='ocrx_word' id='word_1_280' title='bbox 1005 2345 1166 2382; x_wconf 83' lang='lat' dir='ltr'><strong>conflari</strong></span> <span class='ocrx_word' id='word_1_281' title='bbox 1200 2355 1316 2380; x_wconf 82' lang='lat' dir='ltr'><strong>verae</strong></span> <span class='ocrx_word' id='word_1_282' title='bbox 1346 2344 1562 2393; x_wconf 87' lang='lat' dir='ltr'><strong>sapientiae</strong></span> 
     </span>
     <span class='ocr_line' id='line_1_39' title="bbox 256 2399 1561 2450; baseline 0.001 -13"><span class='ocrx_word' id='word_1_283' title='bbox 256 2400 508 2450; x_wconf 85' lang='lat' dir='ltr'><strong>disciplinae,</strong></span> <span class='ocrx_word' id='word_1_284' title='bbox 548 2406 593 2440; x_wconf 84' lang='lat' dir='ltr'><strong>ut</strong></span> <span class='ocrx_word' id='word_1_285' title='bbox 620 2402 682 2439; x_wconf 59' lang='lat' dir='ltr'><strong>vel</strong></span> <span class='ocrx_word' id='word_1_286' title='bbox 712 2401 889 2439; x_wconf 85' lang='lat' dir='ltr'><strong>homines</strong></span> <span class='ocrx_word' id='word_1_287' title='bbox 918 2399 1279 2438; x_wconf 80' lang='lat' dir='ltr'><strong>benevolentissimi</strong></span> <span class='ocrx_word' id='word_1_288' title='bbox 1312 2399 1361 2436; x_wconf 86' lang='lat' dir='ltr'><strong>de</strong></span> <span class='ocrx_word' id='word_1_289' title='bbox 1400 2400 1561 2439; x_wconf 81' lang='lat' dir='ltr'><strong>salutari</strong></span> 
     </span>
     <span class='ocr_line' id='line_1_40' title="bbox 254 2454 1560 2495; baseline 0 -2"><span class='ocrx_word' id='word_1_290' title='bbox 254 2456 339 2494; x_wconf 88' lang='lat' dir='ltr'><strong>eius</strong></span> <span class='ocrx_word' id='word_1_291' title='bbox 370 2457 405 2494; x_wconf 81' lang='lat' dir='ltr'><strong>vi</strong></span> <span class='ocrx_word' id='word_1_292' title='bbox 435 2461 476 2494; x_wconf 85' lang='lat' dir='ltr'><strong>et</strong></span> <span class='ocrx_word' id='word_1_293' title='bbox 505 2457 685 2495; x_wconf 82' lang='lat' dir='ltr'><strong>efficacia</strong></span> <span class='ocrx_word' id='word_1_294' title='bbox 725 2457 831 2495; x_wconf 88' lang='lat' dir='ltr'><strong>dubii</strong></span> <span class='ocrx_word' id='word_1_295' title='bbox 859 2456 1132 2495; x_wconf 85' lang='lat' dir='ltr'><strong>redderentur.</strong></span> <span class='ocrx_word' id='word_1_296' title='bbox 1189 2454 1283 2492; x_wconf 82' lang='lat' dir='ltr'><strong>Fuit</strong></span> <span class='ocrx_word' id='word_1_297' title='bbox 1315 2456 1417 2492; x_wconf 89' lang='lat' dir='ltr'><strong>enim</strong></span> <span class='ocrx_word' id='word_1_298' title='bbox 1449 2455 1560 2494; x_wconf 83' lang='lat' dir='ltr'><strong>Crito</strong></span> 
     </span>
     <span class='ocr_line' id='line_1_41' title="bbox 251 2510 1561 2563; baseline 0.001 -15"><span class='ocrx_word' id='word_1_299' title='bbox 251 2516 294 2549; x_wconf 87' lang='lat' dir='ltr'><strong>et</strong></span> <span class='ocrx_word' id='word_1_300' title='bbox 323 2511 498 2550; x_wconf 88' lang='lat' dir='ltr'><strong>Socratis</strong></span> <span class='ocrx_word' id='word_1_301' title='bbox 530 2518 571 2550; x_wconf 89' lang='lat' dir='ltr'><strong>et</strong></span> <span class='ocrx_word' id='word_1_302' title='bbox 598 2512 872 2563; x_wconf 87' lang='lat' dir='ltr'><strong>philosophiae</strong></span> <span class='ocrx_word' id='word_1_303' title='bbox 904 2513 1212 2558; x_wconf 87' lang='lat' dir='ltr'><strong>amantissimus,</strong></span> <span class='ocrx_word' id='word_1_304' title='bbox 1241 2510 1360 2548; x_wconf 84' lang='lat' dir='ltr'><strong>homo</strong></span> <span class='ocrx_word' id='word_1_305' title='bbox 1391 2512 1561 2560; x_wconf 84' lang='lat' dir='ltr'><strong>optimus</strong></span> 
     </span>
     <span class='ocr_line' id='line_1_42' title="bbox 250 2567 1561 2618; baseline -0.001 -12"><span class='ocrx_word' id='word_1_306' title='bbox 250 2572 294 2606; x_wconf 87' lang='lat' dir='ltr'><strong>et</strong></span> <span class='ocrx_word' id='word_1_307' title='bbox 331 2568 482 2608; x_wconf 86' lang='lat' dir='ltr'><strong>liberali</strong></span> <span class='ocrx_word' id='word_1_308' title='bbox 512 2570 654 2615; x_wconf 89' lang='lat' dir='ltr'><strong>auimo,</strong></span> <span class='ocrx_word' id='word_1_309' title='bbox 683 2569 756 2607; x_wconf 86' lang='lat' dir='ltr'><strong>sed</strong></span> <span class='ocrx_word' id='word_1_310' title='bbox 787 2581 862 2607; x_wconf 90' lang='lat' dir='ltr'><strong>non</strong></span> <span class='ocrx_word' id='word_1_311' title='bbox 893 2570 946 2606; x_wconf 88' lang='lat' dir='ltr'><strong>ita</strong></span> <span class='ocrx_word' id='word_1_312' title='bbox 974 2569 1178 2618; x_wconf 76' lang='lat' dir='ltr'><strong>perspicax</strong></span> <span class='ocrx_word' id='word_1_313' title='bbox 1218 2570 1259 2603; x_wconf 84' lang='lat' dir='ltr'><strong>et</strong></span> <span class='ocrx_word' id='word_1_314' title='bbox 1297 2567 1478 2614; x_wconf 83' lang='lat' dir='ltr'><strong>subtilis,</strong></span> <span class='ocrx_word' id='word_1_315' title='bbox 1517 2571 1561 2605; x_wconf 85' lang='lat' dir='ltr'><strong>ut</strong></span> 
     </span>
     <span class='ocr_line' id='line_1_43' title="bbox 248 2623 1561 2672; baseline -0.001 -11"><span class='ocrx_word' id='word_1_316' title='bbox 248 2635 339 2662; x_wconf 74' lang='lat' dir='ltr'><strong>vera</strong></span> <span class='ocrx_word' id='word_1_317' title='bbox 369 2636 390 2661; x_wconf 83' lang='lat' dir='ltr'><strong>a</strong></span> <span class='ocrx_word' id='word_1_318' title='bbox 419 2624 532 2662; x_wconf 73' lang='lat' dir='ltr'><strong>falsis</strong></span> <span class='ocrx_word' id='word_1_319' title='bbox 563 2625 682 2663; x_wconf 82' lang='lat' dir='ltr'><strong>facile</strong></span> <span class='ocrx_word' id='word_1_320' title='bbox 724 2625 981 2665; x_wconf 82' lang='lat' dir='ltr'><strong>discerneret.</strong></span> <span class='ocrx_word' id='word_1_321' title='bbox 1039 2624 1098 2662; x_wconf 80' lang='lat' dir='ltr'><strong>Ex</strong></span> <span class='ocrx_word' id='word_1_322' title='bbox 1133 2634 1208 2672; x_wconf 86' lang='lat' dir='ltr'><strong>quo</strong></span> <span class='ocrx_word' id='word_1_323' title='bbox 1239 2623 1355 2660; x_wconf 72' lang='lat' dir='ltr'><strong>etiam</strong></span> <span class='ocrx_word' id='word_1_324' title='bbox 1386 2627 1561 2672; x_wconf 79' lang='lat' dir='ltr'><strong>apparet,</strong></span> 
     </span>
     <span class='ocr_line' id='line_1_44' title="bbox 248 2677 1560 2733; baseline -0.002 -13"><span class='ocrx_word' id='word_1_325' title='bbox 248 2691 320 2721; x_wconf 83' lang='lat' dir='ltr'><strong>cur</strong></span> <span class='ocrx_word' id='word_1_326' title='bbox 348 2680 410 2729; x_wconf 87' lang='lat' dir='ltr'><strong>ei,</strong></span> <span class='ocrx_word' id='word_1_327' title='bbox 446 2680 480 2719; x_wconf 87' lang='lat' dir='ltr'><strong>si</strong></span> <span class='ocrx_word' id='word_1_328' title='bbox 506 2693 530 2720; x_wconf 89' lang='lat' dir='ltr'><strong>a</strong></span> <span class='ocrx_word' id='word_1_329' title='bbox 557 2681 713 2733; x_wconf 78' lang='lat' dir='ltr'><strong>dialogo</strong></span> <span class='ocrx_word' id='word_1_330' title='bbox 751 2682 873 2732; x_wconf 83' lang='lat' dir='ltr'><strong>ipsius</strong></span> <span class='ocrx_word' id='word_1_331' title='bbox 910 2681 1066 2720; x_wconf 86' lang='lat' dir='ltr'><strong>nomine</strong></span> <span class='ocrx_word' id='word_1_332' title='bbox 1103 2677 1292 2728; x_wconf 86' lang='lat' dir='ltr'><strong>inscripto</strong></span> <span class='ocrx_word' id='word_1_333' title='bbox 1326 2682 1368 2717; x_wconf 87' lang='lat' dir='ltr'><strong>et</strong></span> <span class='ocrx_word' id='word_1_334' title='bbox 1396 2679 1560 2728; x_wconf 83' lang='lat' dir='ltr'><strong>quibus-</strong></span> 
     </span>
    </p>
   </div>
  </div>
 </body>
</html>
