1624 2904
195 127 252 169 lo
652 125 1049 167 DISPUTATIO

197 244 240 279 et
261 237 311 278 de
332 237 548 277 rationibus
565 240 681 287 atque
701 238 829 277 causis
848 237 1055 289 explicare,
1086 252 1155 278 cur
1171 242 1326 280 illorum
1346 255 1510 283 censura

146 305 153 308 ·
196 307 273 333 non
306 295 355 332 ad
382 295 491 345 ipsos
519 298 692 342 tantum,
733 293 805 331 sed
841 294 889 331 ad
925 295 1143 334 universam
1181 298 1363 336 eristicae
1393 300 1512 339 disci-

197 349 342 400 plinam
378 363 400 387 a
438 349 656 400 Protagora
698 349 921 399 profectam
960 352 1160 399 pertinere
1198 353 1399 392 iudicanda
1446 357 1510 395 sit.

152 450 156 460 .
196 406 355 444 nabent
384 406 486 443 enim
514 404 690 443 Platonis
723 404 889 455 dialogi,
926 410 970 442 ut
998 411 1175 453 constat,
1212 408 1288 445 hoc
1317 411 1391 448 sibi
1421 424 1512 460 pro-

131 478 137 483 *
199 463 347 511 prium,
388 460 490 510 quod
526 465 798 511 argumentum
837 472 972 497 eorum
1015 461 1107 500 sere
1134 464 1188 500 ita
1217 467 1366 504 tantum
1397 467 1512 516 plene

196 520 457 566 accurateque
485 517 635 567 percipi
662 519 817 566 potest,
856 516 890 553 si
918 515 966 553 de
995 517 1094 564 vita,
1134 519 1307 557 moribus
1346 525 1388 559 et
1427 524 1511 572 opi-

197 572 378 610 nionibus
407 571 607 610 hominum
637 573 675 610 in
713 572 761 609 iis
800 571 1108 620 colloquentium
1148 575 1294 612 certius
1323 579 1513 615 constite-

197 628 273 665 rit:
312 626 415 678 quod
451 629 540 677 quia
574 627 690 666 multi
719 627 811 665 olim
839 639 916 665 non
945 628 1323 677 animadverterunt,
1361 632 1513 672 sactum

198 687 263 721 est
290 689 334 721 ut
361 683 424 721 vel
452 683 670 722 doctissimi
697 682 876 721 homines
906 695 1189 732 saepenumero
1209 685 1249 724 in
1271 686 1511 739 philosopho

196 738 493 789 interpretando
523 739 759 790 praecipites
787 742 1013 789 agerentur.

310 817 447 867 ltaque
464 816 741 867 Euthydemus
770 820 813 855 et
832 815 959 854 frater
987 816 1071 854 eius
1100 815 1397 867 Dionysodorus
1427 821 1513 869 qui-

196 883 286 910 nam
314 872 465 911 fuerint
494 876 537 910 et
567 872 659 922 quid
689 873 857 923 egerint,
887 873 965 911 etsi
986 871 1141 910 aliunde
1166 885 1301 922 parum
1331 882 1514 915 accurate

197 929 373 967 novimus
392 925 459 981 ἢ,
497 933 629 966 tamen
661 940 709 966 ex
745 927 912 965 Platone
951 939 1029 965 non
1069 929 1237 966 obscure
1265 930 1512 981 intelligitur.

198 982 375 1022 Patriam
408 988 614 1023 narrantur
651 983 794 1022 Chium
831 984 1037 1033 habuisse,
1084 984 1340 1024 clarissimam
1379 987 1516 1026 lonum

197 1038 377 1078 insulam.
441 1040 527 1089 Qua
559 1040 700 1077 relicta
734 1036 909 1077 Thurios
933 1039 1171 1088 migrarunt,
1210 1045 1350 1089 postea
1383 1047 1515 1081 autem

193 1106 244 1142 se
278 1095 320 1134 in
353 1095 526 1136 Atticam
567 1095 843 1142 contulerunt,
880 1095 936 1132 ita
972 1099 1017 1132 ut
1044 1104 1146 1132 nunc
1186 1096 1378 1145 Athenis,
1416 1111 1517 1137 nunc

198 1143 286 1188 aliis
310 1151 351 1189 in
381 1151 535 1202 oppidis
573 1154 910 1189 commorarentur
946 1147 1025 1202 **).
1090 1150 1304 1190 Enimvero
1343 1155 1516 1202 quamvis

199 1205 276 1243 iam
307 1210 446 1245 aetate
471 1206 635 1245 multum
666 1210 801 1244 essent
830 1206 1007 1256 provecti
1035 1209 1076 1244 et
1104 1219 1199 1244 vero
1229 1209 1359 1255 etiam,
1388 1214 1433 1247 ut
1461 1211 1517 1248 ait
1578 1236 1581 1239 -

197 1259 410 1309 Horatius,
447 1263 528 1300 seri
565 1262 784 1300 studiorum
799 1258 910 1313 ***),
950 1264 1189 1312 tamennon
1219 1263 1446 1302 dubitabant
1473 1278 1518 1304 se

200 1316 379 1365 profiteri
424 1318 642 1368 sapientiae
670 1321 713 1356 et
741 1317 897 1355 virtutis
926 1317 1151 1366 magistros.
1209 1317 1360 1368 Duplex
1386 1325 1519 1359 autem

200 1383 337 1411 eorum
366 1372 444 1412 fuit
471 1373 696 1424 professio,
728 1372 1038 1422 quandoquidem
1069 1377 1109 1410 et
1139 1376 1263 1411 artem
1294 1376 1518 1414 tractando-

198 1438 287 1465 rum
315 1440 513 1467 armorum
539 1428 760 1474 tradebant,
790 1440 904 1476 quam
922 1427 1103 1465 videntur
1122 1430 1360 1476 exercuisse,
1389 1432 1519 1480 prius-

200 1494 316 1531 quam
343 1495 389 1523 se
417 1483 558 1522 darent
585 1483 848 1533 sophisticae,
878 1487 920 1520 et
946 1483 1103 1520 virtutis
1132 1483 1373 1533 disciplinam
1403 1487 1519 1536 polli-

201 1539 390 1577 cebantur
418 1540 587 1578 omnium
618 1539 810 1589 optimam·
833 1535 956 1590 ****).
1017 1537 1186 1576 Redibat
1213 1544 1370 1588 tamen,
1401 1542 1519 1581 sicuti

199 1594 376 1643 videtur,
415 1595 540 1634 omnis
581 1606 717 1633 eorum
755 1594 804 1632 ad
833 1594 1018 1631 virtutem
1049 1595 1245 1632 institutio
1271 1597 1518 1645 potissimum

200 1649 249 1687 ad
278 1647 552 1703 ἀντιλογικῆς
587 1651 670 1689 sive
709 1650 895 1688 eristicae
922 1651 1016 1687 artis
1046 1662 1158 1687 usum
1190 1655 1232 1688 et
1261 1653 1518 1692 exercitatio-

200 1715 312 1753 nem,
350 1717 427 1755 qua
463 1705 620 1757 quidem
655 1709 808 1744 tantum
846 1709 1055 1755 poterant,
1103 1708 1147 1743 ut
1184 1706 1371 1755 quidquid
1410 1715 1518 1748 essct

199 1764 424 1812 argutarum
463 1766 506 1801 et
543 1761 740 1799 fallacium
779 1762 989 1809 tricarum,
1036 1759 1076 1798 id
1114 1762 1248 1799 statim
1283 1763 1322 1800 in
1359 1769 1518 1813 promtu

199 1816 394 1856 haberent
421 1820 476 1865 et,
507 1818 678 1866 quamvis
713 1821 848 1855 essent
868 1821 999 1855 aetate
1018 1817 1246 1867 grandiores
1268 1822 1309 1855 et
1328 1820 1516 1869 edentuli,

200 1873 351 1923 ingenti
387 1885 476 1911 cum
510 1873 667 1923 linguae
693 1873 939 1910 volubilitate
977 1873 1016 1910 in
1054 1872 1224 1911 medium
1263 1875 1517 1923 proiicerent.

203 1927 369 1968 Scilicet
404 1928 502 1968 nihil
531 1933 617 1967 erat
645 1928 749 1978 quod
777 1929 852 1967 sibi
880 1941 958 1967 non
985 1927 1211 1967 viderentur
1239 1931 1424 1970 continuo
1453 1945 1516 1970 ar-

332 2125 371 2168 *>
395 2127 447 2158 De
478 2127 700 2166 Euthydemin
734 2127 805 2167 egit
833 2125 1069 2158 Fabricius
1103 2126 1300 2159 Bibliothec.
1335 2130 1453 2162 Graec.
1479 2132 1513 2171 2,

401 2174 456 2202 81.
497 2174 549 2203 18.
575 2173 615 2212 3,
650 2174 704 2203 11.
741 2175 780 2210 6,
811 2175 843 2203 9.
874 2174 905 2203 4.
935 2175 968 2202 et
999 2172 1039 2200 ad
1064 2173 1162 2202 Sext.
1188 2174 1314 2210 Empir.
1339 2174 1412 2204 adv.
1438 2177 1515 2204 Ma-

398 2216 502 2250 them.
529 2219 567 2256 7,
602 2219 650 2247 13.
676 2228 706 2255 p.
731 2220 794 2248 372
820 2227 868 2255 sq.
892 2218 985 2247 conf.
1008 2216 1266 2248 Schneider.
1287 2218 1326 2247 ad
1353 2219 1513 2257 Xenoph.

399 2263 501 2292 Mem.
529 2264 553 2291 Ι.
579 2264 618 2303 2,
643 2264 695 2292 29.
742 2262 858 2292 Chium
884 2263 1037 2292 nostrum
1062 2261 1298 2292 Fischeru·
1321 2263 1360 2292 ad
1387 2265 1512 2301 Crntyl.

398 2308 491 2344 part.
521 2307 583 2337 XI.
622 2317 653 2346 p.
689 2308 740 2336 12.
773 2307 861 2336 male
891 2306 1045 2337 confudit
1076 2315 1148 2335 cum
1181 2306 1311 2337 Dioclis
1338 2307 1424 2344 mio,
1455 2309 1513 2346 qui

397 2354 603 2381 memoratur
627 2351 734 2384 Plat.
759 2352 912 2389 Sympos.
938 2361 969 2389 p.
987 2352 1062 2380 222.
1081 2352 1112 2382 Β.
1139 2360 1168 2381 c.
1193 2352 1245 2381 37.
1291 2351 1519 2395 Distinguen-t

399 2395 460 2425 dua
494 2396 582 2426 idem
617 2399 668 2426 ent
693 2398 733 2426 ab
757 2397 988 2435 Euthydemo,
1016 2394 1152 2433 Cephali
1178 2395 1270 2437 filio,
1296 2396 1418 2435 Lysiae
1440 2399 1515 2429 fra-

395 2443 465 2478 tre,
489 2441 585 2471 cuius
610 2442 740 2473 mentio
766 2442 802 2471 fit
825 2443 876 2472 De
899 2442 981 2479 Περ.
1008 2442 1033 2472 l.
1057 2450 1089 2479 p.
1115 2441 1190 2471 328.
1216 2442 1253 2471 Β.

311 2503 370 2546 **>
392 2505 432 2536 v.
456 2515 488 2546 p.
512 2507 590 2538 271.
616 2510 653 2540 e.

289 2571 366 2613 m)
388 2574 428 2605 v.
452 2583 484 2614 p.
507 2575 583 2605 272.
607 2577 643 2605 a.

248 2637 353 2681 *ἢῆ
388 2641 427 2672 V.
451 2651 481 2680 p.
509 2644 584 2673 273.
611 2646 645 2673 G.
671 2645 715 2680 Ι)ι
