<?xml version="1.0" encoding="UTF-8"?>
<!DOCTYPE html PUBLIC "-//W3C//DTD XHTML 1.0 Transitional//EN"
    "http://www.w3.org/TR/xhtml1/DTD/xhtml1-transitional.dtd">
<html xmlns="http://www.w3.org/1999/xhtml" xml:lang="en" lang="en">
 <head>
  <title>
</title>
<meta http-equiv="Content-Type" content="text/html;charset=utf-8" />
  <meta name='ocr-system' content='tesseract 3.04.00' />
  <meta name='ocr-capabilities' content='ocr_page ocr_carea ocr_par ocr_line ocrx_word'/>
</head>
<body>
  <div class='ocr_page' id='page_1' title='image "./operaomniarecens06platuoft/operaomniarecens06platuoft_0350.png"; bbox 0 0 1624 2904; ppageno 0'>
   <div class='ocr_carea' id='block_1_1' title="bbox 318 184 1183 249">
    <p class='ocr_par' dir='ltr' id='par_1_1' title="bbox 318 184 1183 249">
     <span class='ocr_line' id='line_1_1' title="bbox 318 184 1183 249; baseline -0.001 -15"><span class='ocrx_word' id='word_1_1' title='bbox 318 194 402 235; x_wconf 70' lang='lat'><strong>134</strong></span> <span class='ocrx_word' id='word_1_2' title='bbox 707 184 711 187; x_wconf 82' lang='lat'><em>&#39;</em></span> <span class='ocrx_word' id='word_1_3' title='bbox 773 190 1183 249; x_wconf 65' lang='lat' dir='ltr'><strong>PROLEGOMENA</strong></span> 
     </span>
    </p>
   </div>
   <div class='ocr_carea' id='block_1_2' title="bbox 320 303 1624 580">
    <p class='ocr_par' dir='ltr' id='par_1_2' title="bbox 320 303 1624 580">
     <span class='ocr_line' id='line_1_2' title="bbox 321 303 1624 357; baseline 0.001 -12"><span class='ocrx_word' id='word_1_4' title='bbox 321 303 469 346; x_wconf 73' lang='lat' dir='ltr'><strong>referi-i</strong></span> <span class='ocrx_word' id='word_1_5' title='bbox 498 303 754 343; x_wconf 71' lang='lat' dir='ltr'><strong>meminisset.</strong></span> <span class='ocrx_word' id='word_1_6' title='bbox 810 303 867 343; x_wconf 72' lang='lat' dir='ltr'><strong>Et</strong></span> <span class='ocrx_word' id='word_1_7' title='bbox 893 317 987 344; x_wconf 86' lang='lat' dir='ltr'><strong>vero</strong></span> <span class='ocrx_word' id='word_1_8' title='bbox 1024 305 1208 345; x_wconf 83' lang='lat' dir='ltr'><strong>tractavit</strong></span> <span class='ocrx_word' id='word_1_9' title='bbox 1245 304 1323 344; x_wconf 88' lang='lat' dir='ltr'><strong>hoc</strong></span> <span class='ocrx_word' id='word_1_10' title='bbox 1359 309 1624 357; x_wconf 79' lang='lat' dir='ltr'><strong>argumentum</strong></span> 
     </span>
     <span class='ocr_line' id='line_1_3' title="bbox 322 359 1624 414; baseline 0.002 -14"><span class='ocrx_word' id='word_1_11' title='bbox 322 362 587 414; x_wconf 88' lang='lat' dir='ltr'><strong>philosophus</strong></span> <span class='ocrx_word' id='word_1_12' title='bbox 614 362 653 399; x_wconf 93' lang='lat' dir='ltr'><strong>in</strong></span> <span class='ocrx_word' id='word_1_13' title='bbox 682 359 997 410; x_wconf 78' lang='lat' dir='ltr'><strong>Euthyphrone,</strong></span> <span class='ocrx_word' id='word_1_14' title='bbox 1025 364 1065 401; x_wconf 92' lang='lat' dir='ltr'><strong>in</strong></span> <span class='ocrx_word' id='word_1_15' title='bbox 1095 373 1171 413; x_wconf 93' lang='lat' dir='ltr'><strong>quo</strong></span> <span class='ocrx_word' id='word_1_16' title='bbox 1200 361 1301 399; x_wconf 89' lang='lat' dir='ltr'><strong>libro</strong></span> <span class='ocrx_word' id='word_1_17' title='bbox 1332 361 1421 400; x_wconf 91' lang='lat' dir='ltr'><strong>dum</strong></span> <span class='ocrx_word' id='word_1_18' title='bbox 1456 362 1506 400; x_wconf 89' lang='lat' dir='ltr'><strong>de</strong></span> <span class='ocrx_word' id='word_1_19' title='bbox 1542 374 1624 403; x_wconf 69' lang='lat' dir='ltr'><strong>vera</strong></span> 
     </span>
     <span class='ocr_line' id='line_1_4' title="bbox 320 417 1624 469; baseline 0 -13"><span class='ocrx_word' id='word_1_20' title='bbox 320 419 482 469; x_wconf 86' lang='lat' dir='ltr'><strong>pietatis</strong></span> <span class='ocrx_word' id='word_1_21' title='bbox 520 417 681 456; x_wconf 89' lang='lat' dir='ltr'><strong>notione</strong></span> <span class='ocrx_word' id='word_1_22' title='bbox 727 418 993 469; x_wconf 75' lang='lat' dir='ltr'><strong>investiganda</strong></span> <span class='ocrx_word' id='word_1_23' title='bbox 1039 418 1310 468; x_wconf 77' lang='lat' dir='ltr'><strong>disceptatur,</strong></span> <span class='ocrx_word' id='word_1_24' title='bbox 1357 419 1471 456; x_wconf 87' lang='lat' dir='ltr'><strong>simul</strong></span> <span class='ocrx_word' id='word_1_25' title='bbox 1518 419 1624 460; x_wconf 76' lang='lat' dir='ltr'><strong>etiam</strong></span> 
     </span>
     <span class='ocr_line' id='line_1_5' title="bbox 320 473 1624 525; baseline -0.001 -13"><span class='ocrx_word' id='word_1_26' title='bbox 320 475 398 513; x_wconf 90' lang='lat' dir='ltr'><strong>hoc</strong></span> <span class='ocrx_word' id='word_1_27' title='bbox 428 475 574 525; x_wconf 82' lang='lat' dir='ltr'><strong>agitur,</strong></span> <span class='ocrx_word' id='word_1_28' title='bbox 603 476 646 511; x_wconf 91' lang='lat' dir='ltr'><strong>ut</strong></span> <span class='ocrx_word' id='word_1_29' title='bbox 674 485 697 510; x_wconf 89' lang='lat' dir='ltr'><strong>e</strong></span> <span class='ocrx_word' id='word_1_30' title='bbox 726 473 865 522; x_wconf 87' lang='lat' dir='ltr'><strong>quibus</strong></span> <span class='ocrx_word' id='word_1_31' title='bbox 895 473 1071 512; x_wconf 84' lang='lat' dir='ltr'><strong>fontibus</strong></span> <span class='ocrx_word' id='word_1_32' title='bbox 1100 474 1316 524; x_wconf 88' lang='lat' dir='ltr'><strong>impietatis</strong></span> <span class='ocrx_word' id='word_1_33' title='bbox 1345 475 1624 516; x_wconf 62' lang='lat' dir='ltr'><strong>criminatione}</strong></span> 
     </span>
     <span class='ocr_line' id='line_1_6' title="bbox 321 529 1624 580; baseline -0.001 -11"><span class='ocrx_word' id='word_1_34' title='bbox 321 531 362 569; x_wconf 89' lang='lat' dir='ltr'><strong>in</strong></span> <span class='ocrx_word' id='word_1_35' title='bbox 398 530 602 568; x_wconf 86' lang='lat' dir='ltr'><strong>Socratem</strong></span> <span class='ocrx_word' id='word_1_36' title='bbox 642 529 845 567; x_wconf 87' lang='lat' dir='ltr'><strong>coniectae</strong></span> <span class='ocrx_word' id='word_1_37' title='bbox 880 531 1138 580; x_wconf 83' lang='lat' dir='ltr'><strong>profluxerint</strong></span> <span class='ocrx_word' id='word_1_38' title='bbox 1174 529 1417 568; x_wconf 83' lang='lat' dir='ltr'><strong>ostendatur.</strong></span> <span class='ocrx_word' id='word_1_39' title='bbox 1482 531 1624 579; x_wconf 51' lang='lat' dir='ltr'><strong>Quem*</strong></span> 
     </span>
    </p>
   </div>
   <div class='ocr_carea' id='block_1_3' title="bbox 259 584 1624 631">
    <p class='ocr_par' dir='ltr' id='par_1_3' title="bbox 259 584 1624 631">
     <span class='ocr_line' id='line_1_7' title="bbox 259 584 1624 631; baseline -0.002 -4"><span class='ocrx_word' id='word_1_40' title='bbox 259 621 265 627; x_wconf 82' lang='grc'><em>,</em></span> <span class='ocrx_word' id='word_1_41' title='bbox 320 586 543 627; x_wconf 63' lang='lat' dir='ltr'><strong>admodum,</strong></span> <span class='ocrx_word' id='word_1_42' title='bbox 565 585 667 622; x_wconf 89' lang='lat' dir='ltr'><strong>enim</strong></span> <span class='ocrx_word' id='word_1_43' title='bbox 704 584 818 621; x_wconf 81' lang='lat' dir='ltr'><strong>Plato</strong></span> <span class='ocrx_word' id='word_1_44' title='bbox 853 586 893 623; x_wconf 91' lang='lat' dir='ltr'><strong>in</strong></span> <span class='ocrx_word' id='word_1_45' title='bbox 931 586 1017 623; x_wconf 79' lang='lat' dir='ltr'><strong>ali1s</strong></span> <span class='ocrx_word' id='word_1_46' title='bbox 1052 586 1163 624; x_wconf 87' lang='lat' dir='ltr'><strong>libris</strong></span> <span class='ocrx_word' id='word_1_47' title='bbox 1193 586 1258 623; x_wconf 90' lang='lat' dir='ltr'><strong>uni</strong></span> <span class='ocrx_word' id='word_1_48' title='bbox 1287 585 1442 624; x_wconf 86' lang='lat' dir='ltr'><strong>Socrati</strong></span> <span class='ocrx_word' id='word_1_49' title='bbox 1470 586 1624 631; x_wconf 65' lang='lat' dir='ltr'><strong>maxim(</strong></span> 
     </span>
    </p>
   </div>
   <div class='ocr_carea' id='block_1_4' title="bbox 252 641 1624 974">
    <p class='ocr_par' dir='ltr' id='par_1_4' title="bbox 252 641 1624 974">
     <span class='ocr_line' id='line_1_8' title="bbox 319 641 1624 694; baseline 0 -14"><span class='ocrx_word' id='word_1_50' title='bbox 319 642 679 694; x_wconf 82' lang='lat' dir='ltr'><strong>praestantissimas</strong></span> <span class='ocrx_word' id='word_1_51' title='bbox 706 641 875 679; x_wconf 89' lang='lat' dir='ltr'><strong>virtutes</strong></span> <span class='ocrx_word' id='word_1_52' title='bbox 903 642 1128 688; x_wconf 71' lang='lat' dir='ltr'><strong>vindicavit,</strong></span> <span class='ocrx_word' id='word_1_53' title='bbox 1157 645 1384 680; x_wconf 88' lang='lat' dir='ltr'><strong>ceterorum</strong></span> <span class='ocrx_word' id='word_1_54' title='bbox 1413 645 1544 680; x_wconf 85' lang='lat' dir='ltr'><strong>autem</strong></span> <span class='ocrx_word' id='word_1_55' title='bbox 1564 653 1624 680; x_wconf 84' lang='lat' dir='ltr'><strong>ae-</strong></span> 
     </span>
     <span class='ocr_line' id='line_1_9' title="bbox 252 694 1624 749; baseline -0.001 -13"><span class='ocrx_word' id='word_1_56' title='bbox 252 702 254 704; x_wconf 83' lang='grc'><strong>’</strong></span> <span class='ocrx_word' id='word_1_57' title='bbox 321 699 492 749; x_wconf 87' lang='lat' dir='ltr'><strong>qualium</strong></span> <span class='ocrx_word' id='word_1_58' title='bbox 523 697 717 735; x_wconf 89' lang='lat' dir='ltr'><strong>inscitiam</strong></span> <span class='ocrx_word' id='word_1_59' title='bbox 745 696 808 733; x_wconf 89' lang='lat' dir='ltr'><strong>vel</strong></span> <span class='ocrx_word' id='word_1_60' title='bbox 835 698 1045 735; x_wconf 88' lang='lat' dir='ltr'><strong>vanitatem</strong></span> <span class='ocrx_word' id='word_1_61' title='bbox 1074 698 1252 747; x_wconf 83' lang='lat' dir='ltr'><strong>coarguit</strong></span> <span class='ocrx_word' id='word_1_62' title='bbox 1281 701 1398 748; x_wconf 89' lang='lat' dir='ltr'><strong>atque</strong></span> <span class='ocrx_word' id='word_1_63' title='bbox 1418 694 1624 748; x_wconf 81' lang='lat' dir='ltr'><strong>castigavit</strong></span> 
     </span>
     <span class='ocr_line' id='line_1_10' title="bbox 319 752 1624 804; baseline -0.002 -11"><span class='ocrx_word' id='word_1_64' title='bbox 319 755 376 794; x_wconf 85' lang='lat' dir='ltr'><strong>ita</strong></span> <span class='ocrx_word' id='word_1_65' title='bbox 411 755 452 792; x_wconf 88' lang='lat' dir='ltr'><strong>in</strong></span> <span class='ocrx_word' id='word_1_66' title='bbox 487 752 780 803; x_wconf 84' lang='lat' dir='ltr'><strong>Euthyphrone</strong></span> <span class='ocrx_word' id='word_1_67' title='bbox 821 753 994 803; x_wconf 83' lang='lat' dir='ltr'><strong>explosis</strong></span> <span class='ocrx_word' id='word_1_68' title='bbox 1031 753 1254 803; x_wconf 79' lang='lat' dir='ltr'><strong>vulgaribus</strong></span> <span class='ocrx_word' id='word_1_69' title='bbox 1292 753 1341 791; x_wconf 89' lang='lat' dir='ltr'><strong>de</strong></span> <span class='ocrx_word' id='word_1_70' title='bbox 1371 754 1520 803; x_wconf 83' lang='lat' dir='ltr'><strong>pietate</strong></span> <span class='ocrx_word' id='word_1_71' title='bbox 1549 753 1624 804; x_wconf 63' lang='lat' dir='ltr'><strong>opi:</strong></span> 
     </span>
     <span class='ocr_line' id='line_1_11' title="bbox 318 807 1624 860; baseline -0.002 -10"><span class='ocrx_word' id='word_1_72' title='bbox 318 811 500 850; x_wconf 87' lang='lat' dir='ltr'><strong>nionibus</strong></span> <span class='ocrx_word' id='word_1_73' title='bbox 543 821 660 846; x_wconf 88' lang='lat' dir='ltr'><strong>unum</strong></span> <span class='ocrx_word' id='word_1_74' title='bbox 690 807 894 847; x_wconf 77' lang='lat' dir='ltr'><strong>Socratem</strong></span> <span class='ocrx_word' id='word_1_75' title='bbox 926 809 1120 860; x_wconf 81' lang='lat' dir='ltr'><strong>significat</strong></span> <span class='ocrx_word' id='word_1_76' title='bbox 1147 820 1263 846; x_wconf 88' lang='lat' dir='ltr'><strong>verae</strong></span> <span class='ocrx_word' id='word_1_77' title='bbox 1300 810 1624 859; x_wconf 72' lang='lat' dir='ltr'><strong>intemerataequt</strong></span> 
     </span>
     <span class='ocr_line' id='line_1_12' title="bbox 318 865 1624 918; baseline -0.002 -14"><span class='ocrx_word' id='word_1_78' title='bbox 318 867 481 918; x_wconf 84' lang='lat' dir='ltr'><strong>pietatis</strong></span> <span class='ocrx_word' id='word_1_79' title='bbox 520 866 597 902; x_wconf 74' lang='lat' dir='ltr'><strong>vim</strong></span> <span class='ocrx_word' id='word_1_80' title='bbox 633 867 751 914; x_wconf 86' lang='lat' dir='ltr'><strong>atque</strong></span> <span class='ocrx_word' id='word_1_81' title='bbox 785 868 961 902; x_wconf 83' lang='lat' dir='ltr'><strong>naturam</strong></span> <span class='ocrx_word' id='word_1_82' title='bbox 999 868 1251 915; x_wconf 87' lang='lat' dir='ltr'><strong>perspectam</strong></span> <span class='ocrx_word' id='word_1_83' title='bbox 1279 865 1488 912; x_wconf 87' lang='lat' dir='ltr'><strong>habuisse,</strong></span> <span class='ocrx_word' id='word_1_84' title='bbox 1524 865 1624 918; x_wconf 55' lang='lat' dir='ltr'><strong>ideoj</strong></span> 
     </span>
     <span class='ocr_line' id='line_1_13' title="bbox 319 916 1624 974; baseline -0.001 -14"><span class='ocrx_word' id='word_1_85' title='bbox 319 935 398 974; x_wconf 90' lang='lat' dir='ltr'><strong>que</strong></span> <span class='ocrx_word' id='word_1_86' title='bbox 425 921 690 960; x_wconf 86' lang='lat' dir='ltr'><strong>Athenienses</strong></span> <span class='ocrx_word' id='word_1_87' title='bbox 722 921 878 970; x_wconf 89' lang='lat' dir='ltr'><strong>quidem</strong></span> <span class='ocrx_word' id='word_1_88' title='bbox 907 920 1058 958; x_wconf 64' lang='lat' dir='ltr'><strong>de&#39;viri</strong></span> <span class='ocrx_word' id='word_1_89' title='bbox 1084 922 1236 971; x_wconf 87' lang='lat' dir='ltr'><strong>pietate</strong></span> <span class='ocrx_word' id='word_1_90' title='bbox 1253 932 1330 958; x_wconf 89' lang='lat' dir='ltr'><strong>non</strong></span> <span class='ocrx_word' id='word_1_91' title='bbox 1358 922 1537 971; x_wconf 87' lang='lat' dir='ltr'><strong>potuisse</strong></span> <span class='ocrx_word' id='word_1_92' title='bbox 1566 916 1624 963; x_wconf 56' lang='grc' dir='ltr'><strong>τὰ</strong></span> 
     </span>
    </p>
   </div>
   <div class='ocr_carea' id='block_1_5' title="bbox 244 974 1624 1028">
    <p class='ocr_par' dir='ltr' id='par_1_5' title="bbox 244 974 1624 1028">
     <span class='ocr_line' id='line_1_14' title="bbox 244 974 1624 1028; baseline -0.001 -11"><span class='ocrx_word' id='word_1_93' title='bbox 244 991 247 998; x_wconf 74' lang='grc'><em>“</em></span> <span class='ocrx_word' id='word_1_94' title='bbox 318 982 387 1017; x_wconf 89' lang='lat' dir='ltr'><strong>cte</strong></span> <span class='ocrx_word' id='word_1_95' title='bbox 422 977 608 1016; x_wconf 86' lang='lat' dir='ltr'><strong>iudicare.</strong></span> <span class='ocrx_word' id='word_1_96' title='bbox 675 974 754 1014; x_wconf 84' lang='lat' dir='ltr'><strong>Sed</strong></span> <span class='ocrx_word' id='word_1_97' title='bbox 791 976 841 1015; x_wconf 87' lang='lat' dir='ltr'><strong>de</strong></span> <span class='ocrx_word' id='word_1_98' title='bbox 886 977 1096 1027; x_wconf 88' lang='lat' dir='ltr'><strong>proposito</strong></span> <span class='ocrx_word' id='word_1_99' title='bbox 1139 976 1231 1015; x_wconf 89' lang='lat' dir='ltr'><strong>libri</strong></span> <span class='ocrx_word' id='word_1_100' title='bbox 1258 981 1402 1028; x_wconf 85' lang='lat' dir='ltr'><strong>postea</strong></span> <span class='ocrx_word' id='word_1_101' title='bbox 1437 975 1624 1024; x_wconf 49' lang='lat' dir='ltr'><strong>dicemus}</strong></span> 
     </span>
    </p>
   </div>
   <div class='ocr_carea' id='block_1_6' title="bbox 318 1032 1195 1083">
    <p class='ocr_par' dir='ltr' id='par_1_6' title="bbox 318 1032 1195 1083">
     <span class='ocr_line' id='line_1_15' title="bbox 318 1032 1195 1083; baseline -0.001 -10"><span class='ocrx_word' id='word_1_102' title='bbox 318 1046 420 1073; x_wconf 87' lang='lat' dir='ltr'><strong>nunc</strong></span> <span class='ocrx_word' id='word_1_103' title='bbox 449 1033 649 1071; x_wconf 84' lang='lat' dir='ltr'><strong>videamus</strong></span> <span class='ocrx_word' id='word_1_104' title='bbox 681 1032 730 1069; x_wconf 86' lang='lat' dir='ltr'><strong>de</strong></span> <span class='ocrx_word' id='word_1_105' title='bbox 759 1033 843 1070; x_wconf 84' lang='lat' dir='ltr'><strong>eius</strong></span> <span class='ocrx_word' id='word_1_106' title='bbox 873 1036 1117 1083; x_wconf 83' lang='lat' dir='ltr'><strong>argumento.</strong></span> <span class='ocrx_word' id='word_1_107' title='bbox 1188 1048 1195 1054; x_wconf 58' lang='lat'>²</span> 
     </span>
    </p>
   </div>
   <div class='ocr_carea' id='block_1_7' title="bbox 301 1096 1624 2436">
    <p class='ocr_par' dir='ltr' id='par_1_7' title="bbox 301 1096 1624 2448">
     <span class='ocr_line' id='line_1_16' title="bbox 429 1096 1624 1149; baseline -0.002 -10"><span class='ocrx_word' id='word_1_108' title='bbox 429 1100 632 1139; x_wconf 90' lang='lat' dir='ltr'><strong>Inducitur</strong></span> <span class='ocrx_word' id='word_1_109' title='bbox 658 1096 779 1149; x_wconf 80' lang='lat' dir='ltr'><strong>igitur</strong></span> <span class='ocrx_word' id='word_1_110' title='bbox 808 1099 846 1137; x_wconf 91' lang='lat' dir='ltr'><strong>in</strong></span> <span class='ocrx_word' id='word_1_111' title='bbox 877 1111 925 1137; x_wconf 92' lang='lat' dir='ltr'><strong>eo</strong></span> <span class='ocrx_word' id='word_1_112' title='bbox 955 1098 1143 1138; x_wconf 83' lang='lat' dir='ltr'><strong>Socrates</strong></span> <span class='ocrx_word' id='word_1_113' title='bbox 1172 1097 1402 1149; x_wconf 87' lang='lat' dir='ltr'><strong>colloquens</strong></span> <span class='ocrx_word' id='word_1_114' title='bbox 1431 1111 1518 1137; x_wconf 91' lang='lat' dir='ltr'><strong>cum</strong></span> <span class='ocrx_word' id='word_1_115' title='bbox 1547 1099 1624 1137; x_wconf 81' lang='lat' dir='ltr'><strong>En-</strong></span> 
     </span>
     <span class='ocr_line' id='line_1_17' title="bbox 315 1155 1624 1207; baseline -0.002 -13"><span class='ocrx_word' id='word_1_116' title='bbox 315 1157 573 1207; x_wconf 85' lang='lat' dir='ltr'><strong>thyphrone,</strong></span> <span class='ocrx_word' id='word_1_117' title='bbox 609 1158 698 1192; x_wconf 83' lang='lat' dir='ltr'><strong>vate</strong></span> <span class='ocrx_word' id='word_1_118' title='bbox 737 1156 903 1206; x_wconf 82' lang='lat' dir='ltr'><strong>quodam</strong></span> <span class='ocrx_word' id='word_1_119' title='bbox 940 1155 1186 1196; x_wconf 82' lang='lat' dir='ltr'><strong>Atheniensi.</strong></span> <span class='ocrx_word' id='word_1_120' title='bbox 1252 1155 1327 1204; x_wconf 81' lang='lat' dir='ltr'><strong>Qui</strong></span> <span class='ocrx_word' id='word_1_121' title='bbox 1366 1156 1443 1193; x_wconf 89' lang='lat' dir='ltr'><strong>etsi</strong></span> <span class='ocrx_word' id='word_1_122' title='bbox 1474 1155 1547 1193; x_wconf 87' lang='lat' dir='ltr'><strong>sibi</strong></span> <span class='ocrx_word' id='word_1_123' title='bbox 1571 1156 1624 1192; x_wconf 65' lang='lat' dir='ltr'><strong>ina</strong></span> 
     </span>
     <span class='ocr_line' id='line_1_18' title="bbox 316 1210 1624 1262; baseline -0.002 -11"><span class='ocrx_word' id='word_1_124' title='bbox 316 1215 469 1262; x_wconf 75' lang='lat' dir='ltr'><strong>signem</strong></span> <span class='ocrx_word' id='word_1_125' title='bbox 517 1210 707 1261; x_wconf 87' lang='lat' dir='ltr'><strong>quandam</strong></span> <span class='ocrx_word' id='word_1_126' title='bbox 750 1219 882 1249; x_wconf 79' lang='lat' dir='ltr'><strong>rerum</strong></span> <span class='ocrx_word' id='word_1_127' title='bbox 929 1211 1143 1249; x_wconf 87' lang='lat' dir='ltr'><strong>divinarum</strong></span> <span class='ocrx_word' id='word_1_128' title='bbox 1185 1211 1386 1255; x_wconf 77' lang='lat' dir='ltr'><strong>scientiam</strong></span> <span class='ocrx_word' id='word_1_129' title='bbox 1431 1212 1624 1249; x_wconf 80' lang='lat' dir='ltr'><strong>tribuebal</strong></span> 
     </span>
     <span class='ocr_line' id='line_1_19' title="bbox 313 1264 1624 1319; baseline -0.002 -12"><span class='ocrx_word' id='word_1_130' title='bbox 313 1269 486 1319; x_wconf 87' lang='lat' dir='ltr'><strong>ideoque</strong></span> <span class='ocrx_word' id='word_1_131' title='bbox 523 1267 641 1309; x_wconf 83' lang='lat' dir='ltr'><strong>etiam</strong></span> <span class='ocrx_word' id='word_1_132' title='bbox 676 1264 717 1304; x_wconf 89' lang='lat' dir='ltr'><strong>in</strong></span> <span class='ocrx_word' id='word_1_133' title='bbox 758 1266 978 1305; x_wconf 88' lang='lat' dir='ltr'><strong>nominibus</strong></span> <span class='ocrx_word' id='word_1_134' title='bbox 1015 1266 1177 1305; x_wconf 87' lang='lat' dir='ltr'><strong>deorum</strong></span> <span class='ocrx_word' id='word_1_135' title='bbox 1204 1266 1513 1318; x_wconf 87' lang='lat' dir='ltr'><strong>interpretandis</strong></span> <span class='ocrx_word' id='word_1_136' title='bbox 1542 1269 1624 1305; x_wconf 55' lang='lat' dir='ltr'><strong>stu-1</strong></span> 
     </span>
     <span class='ocr_line' id='line_1_20' title="bbox 315 1321 1624 1377; baseline -0.002 -14"><span class='ocrx_word' id='word_1_137' title='bbox 315 1325 428 1363; x_wconf 87' lang='lat' dir='ltr'><strong>diose</strong></span> <span class='ocrx_word' id='word_1_138' title='bbox 458 1323 712 1370; x_wconf 88' lang='lat' dir='ltr'><strong>elaborabat,</strong></span> <span class='ocrx_word' id='word_1_139' title='bbox 733 1321 775 1377; x_wconf 73' lang='lat'><strong>¹⁶¹)</strong></span> <span class='ocrx_word' id='word_1_140' title='bbox 804 1327 938 1361; x_wconf 87' lang='lat' dir='ltr'><strong>tamen</strong></span> <span class='ocrx_word' id='word_1_141' title='bbox 959 1322 1063 1360; x_wconf 87' lang='lat' dir='ltr'><strong>ultra</strong></span> <span class='ocrx_word' id='word_1_142' title='bbox 1089 1323 1287 1373; x_wconf 81' lang='lat' dir='ltr'><strong>vulgarem</strong></span> <span class='ocrx_word' id='word_1_143' title='bbox 1309 1323 1624 1374; x_wconf 61' lang='lat' dir='ltr'><strong>superstitionem</strong></span> 
     </span>
     <span class='ocr_line' id='line_1_21' title="bbox 313 1378 1613 1429; baseline -0.002 -10"><span class='ocrx_word' id='word_1_144' title='bbox 313 1381 415 1419; x_wconf 88' lang='lat' dir='ltr'><strong>adeo</strong></span> <span class='ocrx_word' id='word_1_145' title='bbox 444 1392 521 1418; x_wconf 91' lang='lat' dir='ltr'><strong>non</strong></span> <span class='ocrx_word' id='word_1_146' title='bbox 551 1380 729 1429; x_wconf 84' lang='lat' dir='ltr'><strong>sapuisse</strong></span> <span class='ocrx_word' id='word_1_147' title='bbox 765 1379 934 1427; x_wconf 88' lang='lat' dir='ltr'><strong>videtur,</strong></span> <span class='ocrx_word' id='word_1_148' title='bbox 964 1383 1008 1417; x_wconf 90' lang='lat' dir='ltr'><strong>ut</strong></span> <span class='ocrx_word' id='word_1_149' title='bbox 1035 1390 1114 1417; x_wconf 85' lang='lat' dir='ltr'><strong>non</strong></span> <span class='ocrx_word' id='word_1_150' title='bbox 1142 1378 1258 1416; x_wconf 90' lang='lat' dir='ltr'><strong>modo</strong></span> <span class='ocrx_word' id='word_1_151' title='bbox 1289 1380 1472 1417; x_wconf 87' lang='lat' dir='ltr'><strong>credulae</strong></span> <span class='ocrx_word' id='word_1_152' title='bbox 1501 1378 1613 1429; x_wconf 77' lang='lat' dir='ltr'><strong>plebi</strong></span> 
     </span>
     <span class='ocr_line' id='line_1_22' title="bbox 315 1435 1620 1494; baseline -0.003 -18"><span class='ocrx_word' id='word_1_153' title='bbox 315 1440 536 1476; x_wconf 88' lang='lat' dir='ltr'><strong>commenta</strong></span> <span class='ocrx_word' id='word_1_154' title='bbox 564 1435 761 1473; x_wconf 84' lang='lat' dir='ltr'><strong>mordicus</strong></span> <span class='ocrx_word' id='word_1_155' title='bbox 791 1439 972 1482; x_wconf 86' lang='lat' dir='ltr'><strong>teneret,</strong></span> <span class='ocrx_word' id='word_1_156' title='bbox 1003 1435 1074 1473; x_wconf 90' lang='lat' dir='ltr'><strong>sed</strong></span> <span class='ocrx_word' id='word_1_157' title='bbox 1104 1435 1220 1473; x_wconf 88' lang='lat' dir='ltr'><strong>etiam</strong></span> <span class='ocrx_word' id='word_1_158' title='bbox 1260 1435 1424 1474; x_wconf 86' lang='lat' dir='ltr'><strong>subinde</strong></span> <span class='ocrx_word' id='word_1_159' title='bbox 1453 1435 1620 1494; x_wconf 43' lang='grc' dir='ltr'><strong>ῃὶιειιίι)Ι</strong></span> 
     </span>
     <span class='ocr_line' id='line_1_23' title="bbox 315 1488 1603 1541; baseline -0.002 -10"><span class='ocrx_word' id='word_1_160' title='bbox 315 1505 387 1531; x_wconf 88' lang='lat' dir='ltr'><strong>ore</strong></span> <span class='ocrx_word' id='word_1_161' title='bbox 426 1505 495 1536; x_wconf 83' lang='lat' dir='ltr'><strong>sua</strong></span> <span class='ocrx_word' id='word_1_162' title='bbox 532 1491 700 1529; x_wconf 86' lang='lat' dir='ltr'><strong>fundens</strong></span> <span class='ocrx_word' id='word_1_163' title='bbox 741 1491 899 1529; x_wconf 85' lang='lat' dir='ltr'><strong>oracula</strong></span> <span class='ocrx_word' id='word_1_164' title='bbox 947 1490 1065 1541; x_wconf 78' lang='lat' dir='ltr'><strong>vulgo</strong></span> <span class='ocrx_word' id='word_1_165' title='bbox 1113 1490 1280 1529; x_wconf 87' lang='lat' dir='ltr'><strong>deberet</strong></span> <span class='ocrx_word' id='word_1_166' title='bbox 1326 1491 1534 1531; x_wconf 80' lang='lat' dir='ltr'><strong>ludibrium</strong></span> <span class='ocrx_word' id='word_1_167' title='bbox 1553 1488 1603 1534; x_wconf 48' lang='lat'><strong>*⁶5</strong></span> 
     </span>
     <span class='ocr_line' id='line_1_24' title="bbox 311 1537 1615 1597; baseline 0.001 -10"><span class='ocrx_word' id='word_1_168' title='bbox 311 1547 576 1587; x_wconf 88' lang='lat' dir='ltr'><strong>Nihilominus</strong></span> <span class='ocrx_word' id='word_1_169' title='bbox 605 1546 725 1585; x_wconf 90' lang='lat' dir='ltr'><strong>homo</strong></span> <span class='ocrx_word' id='word_1_170' title='bbox 755 1547 925 1597; x_wconf 87' lang='lat' dir='ltr'><strong>optimus</strong></span> <span class='ocrx_word' id='word_1_171' title='bbox 955 1546 1006 1584; x_wconf 88' lang='lat' dir='ltr'><strong>de</strong></span> <span class='ocrx_word' id='word_1_172' title='bbox 1035 1544 1203 1585; x_wconf 82' lang='lat' dir='ltr'><strong>Socrate</strong></span> <span class='ocrx_word' id='word_1_173' title='bbox 1237 1548 1433 1586; x_wconf 70' lang='lat' dir='ltr'><strong>sentiebat</strong></span> <span class='ocrx_word' id='word_1_174' title='bbox 1464 1537 1615 1597; x_wconf 59' lang='lat' dir='ltr'><strong>honoig</strong></span> 
     </span>
     <span class='ocr_line' id='line_1_25' title="bbox 311 1602 1557 1655; baseline -0.002 -12"><span class='ocrx_word' id='word_1_175' title='bbox 311 1605 595 1650; x_wconf 86' lang='lat' dir='ltr'><strong>ficentissime,</strong></span> <span class='ocrx_word' id='word_1_176' title='bbox 632 1607 676 1640; x_wconf 88' lang='lat' dir='ltr'><strong>ut</strong></span> <span class='ocrx_word' id='word_1_177' title='bbox 713 1615 852 1653; x_wconf 89' lang='lat' dir='ltr'><strong>quem,</strong></span> <span class='ocrx_word' id='word_1_178' title='bbox 891 1603 926 1640; x_wconf 90' lang='lat' dir='ltr'><strong>si</strong></span> <span class='ocrx_word' id='word_1_179' title='bbox 962 1604 1193 1653; x_wconf 73' lang='lat' dir='ltr'><strong>quemquam</strong></span> <span class='ocrx_word' id='word_1_180' title='bbox 1221 1602 1360 1650; x_wconf 88' lang='lat' dir='ltr'><strong>alium,</strong></span> <span class='ocrx_word' id='word_1_181' title='bbox 1390 1614 1463 1653; x_wconf 90' lang='lat' dir='ltr'><strong>pro</strong></span> <span class='ocrx_word' id='word_1_182' title='bbox 1491 1603 1557 1655; x_wconf 80' lang='lat' dir='ltr'><strong>pio</strong></span> 
     </span>
     <span class='ocr_line' id='line_1_26' title="bbox 310 1655 1611 1718; baseline -0.004 -19"><span class='ocrx_word' id='word_1_183' title='bbox 310 1665 449 1699; x_wconf 81' lang='lat' dir='ltr'><strong>sancto</strong></span> <span class='ocrx_word' id='word_1_184' title='bbox 478 1658 699 1698; x_wconf 90' lang='lat' dir='ltr'><strong>habendum</strong></span> <span class='ocrx_word' id='word_1_185' title='bbox 732 1670 823 1698; x_wconf 87' lang='lat' dir='ltr'><strong>esse</strong></span> <span class='ocrx_word' id='word_1_186' title='bbox 850 1658 1111 1696; x_wconf 88' lang='lat' dir='ltr'><strong>arbitraretur</strong></span> <span class='ocrx_word' id='word_1_187' title='bbox 1128 1655 1228 1708; x_wconf 87' lang='lat'><strong>***).</strong></span> <span class='ocrx_word' id='word_1_188' title='bbox 1285 1657 1421 1709; x_wconf 86' lang='lat' dir='ltr'><strong>Itaque</strong></span> <span class='ocrx_word' id='word_1_189' title='bbox 1448 1656 1611 1718; x_wconf 61' lang='lat' dir='ltr'><strong>in&#39;priv&#39;s</strong></span> 
     </span>
     <span class='ocr_line' id='line_1_27' title="bbox 309 1708 1600 1767; baseline -0.002 -13"><span class='ocrx_word' id='word_1_190' title='bbox 309 1716 413 1767; x_wconf 87' lang='lat' dir='ltr'><strong>cipio</strong></span> <span class='ocrx_word' id='word_1_191' title='bbox 452 1715 598 1765; x_wconf 83' lang='lat' dir='ltr'><strong>dialogi</strong></span> <span class='ocrx_word' id='word_1_192' title='bbox 640 1715 827 1761; x_wconf 90' lang='lat' dir='ltr'><strong>miratur,</strong></span> <span class='ocrx_word' id='word_1_193' title='bbox 857 1712 961 1763; x_wconf 86' lang='lat' dir='ltr'><strong>quod</strong></span> <span class='ocrx_word' id='word_1_194' title='bbox 990 1713 1047 1750; x_wconf 91' lang='lat' dir='ltr'><strong>vir</strong></span> <span class='ocrx_word' id='word_1_195' title='bbox 1074 1713 1418 1752; x_wconf 88' lang='lat' dir='ltr'><strong>innocentissimus</strong></span> <span class='ocrx_word' id='word_1_196' title='bbox 1447 1708 1600 1752; x_wconf 81' lang='lat' dir='ltr'><strong>verset&#39;</strong></span> 
     </span>
     <span class='ocr_line' id='line_1_28' title="bbox 306 1769 1596 1821; baseline -0.002 -11"><span class='ocrx_word' id='word_1_197' title='bbox 306 1771 347 1814; x_wconf 86' lang='lat' dir='ltr'><strong>in</strong></span> <span class='ocrx_word' id='word_1_198' title='bbox 375 1771 532 1821; x_wconf 81' lang='lat' dir='ltr'><strong>porticu</strong></span> <span class='ocrx_word' id='word_1_199' title='bbox 557 1771 692 1821; x_wconf 84' lang='lat' dir='ltr'><strong>regia,</strong></span> <span class='ocrx_word' id='word_1_200' title='bbox 729 1770 797 1808; x_wconf 92' lang='lat' dir='ltr'><strong>ubi</strong></span> <span class='ocrx_word' id='word_1_201' title='bbox 823 1781 893 1807; x_wconf 84' lang='lat' dir='ltr'><strong>rex</strong></span> <span class='ocrx_word' id='word_1_202' title='bbox 921 1780 1121 1808; x_wconf 86' lang='lat' dir='ltr'><strong>sacrorum</strong></span> <span class='ocrx_word' id='word_1_203' title='bbox 1148 1769 1255 1807; x_wconf 88' lang='lat' dir='ltr'><strong>inter</strong></span> <span class='ocrx_word' id='word_1_204' title='bbox 1282 1770 1356 1807; x_wconf 88' lang='lat' dir='ltr'><strong>alia</strong></span> <span class='ocrx_word' id='word_1_205' title='bbox 1386 1769 1437 1807; x_wconf 91' lang='lat' dir='ltr'><strong>de</strong></span> <span class='ocrx_word' id='word_1_206' title='bbox 1465 1769 1596 1820; x_wconf 27' lang='lat' dir='ltr'><strong>crimiff</strong></span> 
     </span>
     <span class='ocr_line' id='line_1_29' title="bbox 308 1825 1604 1885; baseline 0.002 -20"><span class='ocrx_word' id='word_1_207' title='bbox 308 1827 439 1865; x_wconf 87' lang='lat' dir='ltr'><strong>caedis</strong></span> <span class='ocrx_word' id='word_1_208' title='bbox 477 1829 519 1864; x_wconf 90' lang='lat' dir='ltr'><strong>et</strong></span> <span class='ocrx_word' id='word_1_209' title='bbox 545 1826 775 1876; x_wconf 71' lang='lat' dir='ltr'><strong>‚impietatis</strong></span> <span class='ocrx_word' id='word_1_210' title='bbox 814 1837 1060 1875; x_wconf 82' lang='lat' dir='ltr'><strong>cognoscere</strong></span> <span class='ocrx_word' id='word_1_211' title='bbox 1103 1825 1270 1866; x_wconf 82' lang='lat' dir='ltr'><strong>solebat.</strong></span> <span class='ocrx_word' id='word_1_212' title='bbox 1341 1825 1416 1864; x_wconf 89' lang='lat' dir='ltr'><strong>Cui</strong></span> <span class='ocrx_word' id='word_1_213' title='bbox 1453 1825 1604 1885; x_wconf 80' lang='lat' dir='ltr'><strong>ostem</strong></span> 
     </span>
     <span class='ocr_line' id='line_1_30' title="bbox 308 1877 1593 1934; baseline -0.002 -12"><span class='ocrx_word' id='word_1_214' title='bbox 308 1882 498 1922; x_wconf 84' lang='lat' dir='ltr'><strong>Socrates</strong></span> <span class='ocrx_word' id='word_1_215' title='bbox 535 1893 581 1920; x_wconf 90' lang='lat' dir='ltr'><strong>se</strong></span> <span class='ocrx_word' id='word_1_216' title='bbox 615 1894 638 1920; x_wconf 85' lang='lat' dir='ltr'><strong>a</strong></span> <span class='ocrx_word' id='word_1_217' title='bbox 665 1881 819 1920; x_wconf 86' lang='lat' dir='ltr'><strong>Meleto</strong></span> <span class='ocrx_word' id='word_1_218' title='bbox 849 1880 1038 1931; x_wconf 88' lang='lat' dir='ltr'><strong>quodam,</strong></span> <span class='ocrx_word' id='word_1_219' title='bbox 1071 1880 1230 1919; x_wconf 87' lang='lat' dir='ltr'><strong>homine</strong></span> <span class='ocrx_word' id='word_1_220' title='bbox 1255 1880 1509 1920; x_wconf 87' lang='lat' dir='ltr'><strong>adolescente</strong></span> <span class='ocrx_word' id='word_1_221' title='bbox 1541 1877 1593 1934; x_wconf 73' lang='lat' dir='ltr'><strong>qi</strong></span> 
     </span>
     <span class='ocr_line' id='line_1_31' title="bbox 307 1935 1603 1992; baseline 0 -16"><span class='ocrx_word' id='word_1_222' title='bbox 307 1938 398 1977; x_wconf 89' lang='lat' dir='ltr'><strong>dem</strong></span> <span class='ocrx_word' id='word_1_223' title='bbox 429 1942 470 1977; x_wconf 90' lang='lat' dir='ltr'><strong>et</strong></span> <span class='ocrx_word' id='word_1_224' title='bbox 498 1938 656 1988; x_wconf 63' lang='lat' dir='ltr'><strong>ignoto,</strong></span> <span class='ocrx_word' id='word_1_225' title='bbox 686 1937 758 1976; x_wconf 89' lang='lat' dir='ltr'><strong>sed</strong></span> <span class='ocrx_word' id='word_1_226' title='bbox 786 1936 926 1974; x_wconf 90' lang='lat' dir='ltr'><strong>eodem</strong></span> <span class='ocrx_word' id='word_1_227' title='bbox 954 1936 1154 1992; x_wconf 30' lang='lat' dir='ltr'><strong>audaculo„</strong></span> <span class='ocrx_word' id='word_1_228' title='bbox 1174 1941 1216 1975; x_wconf 90' lang='lat' dir='ltr'><strong>et</strong></span> <span class='ocrx_word' id='word_1_229' title='bbox 1244 1938 1423 1988; x_wconf 86' lang='lat' dir='ltr'><strong>procaci,</strong></span> <span class='ocrx_word' id='word_1_230' title='bbox 1463 1935 1603 1976; x_wconf 82' lang='lat' dir='ltr'><strong>crimi</strong></span> 
     </span>
     <span class='ocr_line' id='line_1_32' title="bbox 305 1988 1597 2053; baseline -0.001 -20"><span class='ocrx_word' id='word_1_231' title='bbox 305 1995 521 2045; x_wconf 85' lang='lat' dir='ltr'><strong>impietatis</strong></span> <span class='ocrx_word' id='word_1_232' title='bbox 560 2006 652 2032; x_wconf 90' lang='lat' dir='ltr'><strong>esse</strong></span> <span class='ocrx_word' id='word_1_233' title='bbox 689 1993 941 2044; x_wconf 85' lang='lat' dir='ltr'><strong>postulatum.</strong></span> <span class='ocrx_word' id='word_1_234' title='bbox 1004 1992 1158 2030; x_wconf 89' lang='lat' dir='ltr'><strong>Deinde</strong></span> <span class='ocrx_word' id='word_1_235' title='bbox 1186 2005 1279 2031; x_wconf 86' lang='lat' dir='ltr'><strong>vero</strong></span> <span class='ocrx_word' id='word_1_236' title='bbox 1307 1993 1435 2044; x_wconf 86' lang='lat' dir='ltr'><strong>ipsum</strong></span> <span class='ocrx_word' id='word_1_237' title='bbox 1465 1988 1597 2053; x_wconf 79' lang='lat' dir='ltr'><strong>quoq&#39;</strong></span> 
     </span>
     <span class='ocr_line' id='line_1_33' title="bbox 305 2047 1594 2110; baseline 0 -21"><span class='ocrx_word' id='word_1_238' title='bbox 305 2051 477 2089; x_wconf 82' lang='lat' dir='ltr'><strong>vicissim</strong></span> <span class='ocrx_word' id='word_1_239' title='bbox 515 2051 756 2100; x_wconf 77' lang='lat' dir='ltr'><strong>interrogat,</strong></span> <span class='ocrx_word' id='word_1_240' title='bbox 795 2049 886 2099; x_wconf 89' lang='lat' dir='ltr'><strong>quid</strong></span> <span class='ocrx_word' id='word_1_241' title='bbox 923 2049 1073 2098; x_wconf 82' lang='lat' dir='ltr'><strong>negotii</strong></span> <span class='ocrx_word' id='word_1_242' title='bbox 1108 2047 1174 2086; x_wconf 89' lang='lat' dir='ltr'><strong>hic</strong></span> <span class='ocrx_word' id='word_1_243' title='bbox 1206 2048 1287 2087; x_wconf 87' lang='lat' dir='ltr'><strong>loci</strong></span> <span class='ocrx_word' id='word_1_244' title='bbox 1323 2050 1480 2090; x_wconf 86' lang='lat' dir='ltr'><strong>habeat.</strong></span> <span class='ocrx_word' id='word_1_245' title='bbox 1536 2049 1594 2110; x_wconf 56' lang='lat' dir='ltr'><strong>Rs</strong></span> 
     </span>
     <span class='ocr_line' id='line_1_34' title="bbox 306 2103 1588 2156; baseline -0.003 -11"><span class='ocrx_word' id='word_1_246' title='bbox 306 2107 477 2156; x_wconf 82' lang='lat' dir='ltr'><strong>spondet</strong></span> <span class='ocrx_word' id='word_1_247' title='bbox 503 2110 613 2144; x_wconf 78' lang='lat' dir='ltr'><strong>vates</strong></span> <span class='ocrx_word' id='word_1_248' title='bbox 642 2105 746 2143; x_wconf 86' lang='lat' dir='ltr'><strong>velle</strong></span> <span class='ocrx_word' id='word_1_249' title='bbox 774 2117 819 2142; x_wconf 86' lang='lat' dir='ltr'><strong>se</strong></span> <span class='ocrx_word' id='word_1_250' title='bbox 847 2105 1000 2155; x_wconf 88' lang='lat' dir='ltr'><strong>parenti</strong></span> <span class='ocrx_word' id='word_1_251' title='bbox 1029 2103 1162 2143; x_wconf 88' lang='lat' dir='ltr'><strong>caedis</strong></span> <span class='ocrx_word' id='word_1_252' title='bbox 1190 2105 1383 2143; x_wconf 89' lang='lat' dir='ltr'><strong>actionem</strong></span> <span class='ocrx_word' id='word_1_253' title='bbox 1398 2104 1559 2144; x_wconf 82' lang='lat' dir='ltr'><strong>intende</strong></span> <span class='ocrx_word' id='word_1_254' title='bbox 1586 2149 1588 2154; x_wconf 30' lang='grc' dir='ltr'>Ι</span> 
     </span>
     <span class='ocr_line' id='line_1_35' title="bbox 304 2157 1590 2220; baseline -0.004 -19"><span class='ocrx_word' id='word_1_255' title='bbox 304 2157 448 2213; x_wconf 77' lang='lat' dir='ltr'><strong>quippe</strong></span> <span class='ocrx_word' id='word_1_256' title='bbox 477 2162 542 2213; x_wconf 91' lang='lat' dir='ltr'><strong>qui</strong></span> <span class='ocrx_word' id='word_1_257' title='bbox 569 2161 853 2200; x_wconf 83' lang='lat' dir='ltr'><strong>mercenarium</strong></span> <span class='ocrx_word' id='word_1_258' title='bbox 879 2159 1068 2210; x_wconf 88' lang='lat' dir='ltr'><strong>quendam</strong></span> <span class='ocrx_word' id='word_1_259' title='bbox 1081 2160 1119 2198; x_wconf 89' lang='lat' dir='ltr'><strong>in</strong></span> <span class='ocrx_word' id='word_1_260' title='bbox 1138 2160 1246 2199; x_wconf 84' lang='lat' dir='ltr'><strong>Naxo</strong></span> <span class='ocrx_word' id='word_1_261' title='bbox 1274 2160 1401 2198; x_wconf 90' lang='lat' dir='ltr'><strong>insula</strong></span> <span class='ocrx_word' id='word_1_262' title='bbox 1430 2161 1479 2198; x_wconf 93' lang='lat' dir='ltr'><strong>ob</strong></span> <span class='ocrx_word' id='word_1_263' title='bbox 1510 2174 1548 2199; x_wconf 92' lang='lat' dir='ltr'><strong>c</strong></span> <span class='ocrx_word' id='word_1_264' title='bbox 1567 2178 1590 2220; x_wconf 69' lang='lat' dir='ltr'><strong>‘l</strong></span> 
     </span>
     <span class='ocr_line' id='line_1_36' title="bbox 301 2216 1590 2275; baseline -0.004 -19"><span class='ocrx_word' id='word_1_265' title='bbox 301 2219 465 2257; x_wconf 84' lang='lat' dir='ltr'><strong>missum</strong></span> <span class='ocrx_word' id='word_1_266' title='bbox 502 2217 775 2264; x_wconf 89' lang='lat' dir='ltr'><strong>homicidium,</strong></span> <span class='ocrx_word' id='word_1_267' title='bbox 814 2227 890 2267; x_wconf 89' lang='lat' dir='ltr'><strong>quo</strong></span> <span class='ocrx_word' id='word_1_268' title='bbox 925 2220 1108 2266; x_wconf 82' lang='lat' dir='ltr'><strong>tempore</strong></span> <span class='ocrx_word' id='word_1_269' title='bbox 1151 2216 1326 2255; x_wconf 75' lang='lat' dir='ltr'><strong>Athenas</strong></span> <span class='ocrx_word' id='word_1_270' title='bbox 1364 2217 1518 2255; x_wconf 87' lang='lat' dir='ltr'><strong>miserit</strong></span> <span class='ocrx_word' id='word_1_271' title='bbox 1559 2227 1590 2275; x_wconf 57' lang='lat'><strong>“⁷11</strong></span> 
     </span>
     <span class='ocr_line' id='line_1_37' title="bbox 301 2270 1606 2326; baseline -0.004 -15"><span class='ocrx_word' id='word_1_272' title='bbox 301 2274 536 2324; x_wconf 79' lang='lat' dir='ltr'><strong>religionum</strong></span> <span class='ocrx_word' id='word_1_273' title='bbox 564 2275 823 2322; x_wconf 87' lang='lat' dir='ltr'><strong>interpretem</strong></span> <span class='ocrx_word' id='word_1_274' title='bbox 851 2273 1092 2319; x_wconf 84' lang='lat' dir='ltr'><strong>consuleret,</strong></span> <span class='ocrx_word' id='word_1_275' title='bbox 1119 2272 1339 2310; x_wconf 86' lang='lat' dir='ltr'><strong>miserando</strong></span> <span class='ocrx_word' id='word_1_276' title='bbox 1368 2272 1483 2310; x_wconf 90' lang='lat' dir='ltr'><strong>mod-o</strong></span> <span class='ocrx_word' id='word_1_277' title='bbox 1512 2272 1557 2324; x_wconf 27' lang='lat' dir='ltr'><strong>fa·</strong></span> <span class='ocrx_word' id='word_1_278' title='bbox 1581 2270 1606 2326; x_wconf 44' lang='grc' dir='ltr'><strong>Ι]</strong></span> 
     </span>
     <span class='ocr_line' id='line_1_38' title="bbox 303 2327 1586 2384; baseline 0 -18"><span class='ocrx_word' id='word_1_279' title='bbox 303 2334 345 2366; x_wconf 86' lang='lat' dir='ltr'><strong>et</strong></span> <span class='ocrx_word' id='word_1_280' title='bbox 395 2329 547 2379; x_wconf 81' lang='lat' dir='ltr'><strong>frigore</strong></span> <span class='ocrx_word' id='word_1_281' title='bbox 602 2330 737 2378; x_wconf 88' lang='lat' dir='ltr'><strong>perire</strong></span> <span class='ocrx_word' id='word_1_282' title='bbox 792 2329 943 2366; x_wconf 86' lang='lat' dir='ltr'><strong>siverit.</strong></span> <span class='ocrx_word' id='word_1_283' title='bbox 1026 2328 1175 2376; x_wconf 80' lang='lat' dir='ltr'><strong>Quibus</strong></span> <span class='ocrx_word' id='word_1_284' title='bbox 1232 2328 1378 2367; x_wconf 73' lang='lat' dir='ltr'><strong>‚auditis</strong></span> <span class='ocrx_word' id='word_1_285' title='bbox 1426 2327 1586 2384; x_wconf 83' lang='lat' dir='ltr'><strong>Socrat</strong></span> 
     </span>
     <span class='ocr_line' id='line_1_39' title="bbox 301 2383 1587 2436; baseline 0.002 -13"><span class='ocrx_word' id='word_1_286' title='bbox 301 2384 632 2435; x_wconf 80' lang='lat' dir='ltr'><strong>Euthyphronem</strong></span> <span class='ocrx_word' id='word_1_287' title='bbox 695 2385 939 2436; x_wconf 78' lang='lat' dir='ltr'><strong>interrogat,</strong></span> <span class='ocrx_word' id='word_1_288' title='bbox 1003 2395 1096 2423; x_wconf 90' lang='lat' dir='ltr'><strong>num</strong></span> <span class='ocrx_word' id='word_1_289' title='bbox 1160 2383 1321 2434; x_wconf 85' lang='lat' dir='ltr'><strong>pietatis</strong></span> <span class='ocrx_word' id='word_1_290' title='bbox 1379 2387 1422 2423; x_wconf 88' lang='lat' dir='ltr'><strong>et</strong></span> <span class='ocrx_word' id='word_1_291' title='bbox 1470 2385 1587 2436; x_wconf 67' lang='lat' dir='ltr'><strong>impis</strong></span> 
     </span>
    </p>
   </div>
   <div class='ocr_carea' id='block_1_8' title="bbox 1580 1384 1624 2353">
    <p class='ocr_par' dir='ltr' id='par_1_8' title="bbox 1580 1384 1624 2353">
     <span class='ocr_line' id='line_1_40' title="bbox 1603 1384 1624 1572; baseline 0 -59"><span class='ocrx_word' id='word_1_292' title='bbox 1603 1384 1624 1572; x_wconf 95' lang='lat' dir='ltr'><strong>   </strong></span> 
     </span>
     <span class='ocr_line' id='line_1_41' title="bbox 1592 1572 1624 1685; baseline 0 0"><span class='ocrx_word' id='word_1_293' title='bbox 1592 1572 1624 1685; x_wconf 95' lang='lat' dir='ltr'><strong>    </strong></span> 
     </span>
     <span class='ocr_line' id='line_1_42' title="bbox 1580 1685 1624 1847; baseline 0 -53"><span class='ocrx_word' id='word_1_294' title='bbox 1580 1685 1624 1847; x_wconf 95' lang='lat' dir='ltr'><strong>    </strong></span> 
     </span>
     <span class='ocr_line' id='line_1_43' title="bbox 1597 1847 1624 2086; baseline 0 -72"><span class='ocrx_word' id='word_1_295' title='bbox 1597 1847 1624 2086; x_wconf 95' lang='lat' dir='ltr'><strong>    </strong></span> 
     </span>
     <span class='ocr_line' id='line_1_44' title="bbox 1590 2086 1624 2184; baseline 0 -43"><span class='ocrx_word' id='word_1_296' title='bbox 1590 2086 1624 2184; x_wconf 95' lang='lat' dir='ltr'><strong>  </strong></span> 
     </span>
     <span class='ocr_line' id='line_1_45' title="bbox 1592 2184 1624 2353; baseline 0 -41"><span class='ocrx_word' id='word_1_297' title='bbox 1592 2184 1624 2353; x_wconf 95' lang='lat' dir='ltr'><strong>   </strong></span> 
     </span>
    </p>
   </div>
   <div class='ocr_carea' id='block_1_9' title="bbox 300 2504 563 2515">
    <p class='ocr_par' dir='ltr' id='par_1_9' title="bbox 300 2504 563 2515">
     <span class='ocr_line' id='line_1_46' title="bbox 300 2504 563 2515; baseline 0 389"><span class='ocrx_word' id='word_1_298' title='bbox 300 2504 563 2515; x_wconf 95' lang='lat' dir='ltr'><strong> </strong></span> 
     </span>
    </p>
   </div>
   <div class='ocr_carea' id='block_1_10' title="bbox 308 2582 1611 2904">
    <p class='ocr_par' dir='ltr' id='par_1_10' title="bbox 308 2582 1611 2904">
     <span class='ocr_line' id='line_1_47' title="bbox 388 2582 1036 2625; baseline 0.002 -10"><span class='ocrx_word' id='word_1_299' title='bbox 388 2583 426 2625; x_wconf 69' lang='lat'><strong>²²)</strong></span> <span class='ocrx_word' id='word_1_300' title='bbox 450 2586 491 2616; x_wconf 84' lang='lat' dir='ltr'><strong>V.</strong></span> <span class='ocrx_word' id='word_1_301' title='bbox 514 2592 594 2616; x_wconf 82' lang='lat' dir='ltr'><strong>ann.</strong></span> <span class='ocrx_word' id='word_1_302' title='bbox 619 2583 659 2613; x_wconf 80' lang='lat' dir='ltr'><strong>ad</strong></span> <span class='ocrx_word' id='word_1_303' title='bbox 682 2582 810 2620; x_wconf 81' lang='lat' dir='ltr'><strong>cratyl.</strong></span> <span class='ocrx_word' id='word_1_304' title='bbox 835 2592 870 2622; x_wconf 81' lang='lat' dir='ltr'><strong>p.</strong></span> <span class='ocrx_word' id='word_1_305' title='bbox 899 2583 973 2615; x_wconf 74' lang='lat'>391.</span> <span class='ocrx_word' id='word_1_306' title='bbox 998 2584 1036 2616; x_wconf 81' lang='lat' dir='ltr'><strong>c.</strong></span> 
     </span>
     <span class='ocr_line' id='line_1_48' title="bbox 308 2605 1611 2896; baseline 0.002 -215"><span class='ocrx_word' id='word_1_307' title='bbox 308 2628 314 2632; x_wconf 62' lang='grc'><strong>’</strong></span> <span class='ocrx_word' id='word_1_308' title='bbox 364 2649 425 2689; x_wconf 57' lang='grc' dir='ltr'><strong>Μ)</strong></span> <span class='ocrx_word' id='word_1_309' title='bbox 451 2652 487 2681; x_wconf 91' lang='lat' dir='ltr'><strong>v.</strong></span> <span class='ocrx_word' id='word_1_310' title='bbox 513 2661 544 2689; x_wconf 79' lang='lat' dir='ltr'><strong>p.</strong></span> <span class='ocrx_word' id='word_1_311' title='bbox 569 2651 601 2679; x_wconf 89' lang='lat'><strong>2.</strong></span> <span class='ocrx_word' id='word_1_312' title='bbox 626 2651 660 2680; x_wconf 78' lang='lat' dir='ltr'><strong>a.</strong></span> <span class='ocrx_word' id='word_1_313' title='bbox 685 2652 722 2683; x_wconf 76' lang='lat' dir='ltr'><strong>c,</strong></span> <span class='ocrx_word' id='word_1_314' title='bbox 1603 2605 1611 2896; x_wconf 63' lang='lat' dir='ltr'><em>l</em></span> 
     </span>
     <span class='ocr_line' id='line_1_49' title="bbox 343 2689 1577 2904; baseline 0 -157"><span class='ocrx_word' id='word_1_315' title='bbox 343 2714 424 2758; x_wconf 58' lang='lat' dir='ltr'><strong>mn)</strong></span> <span class='ocrx_word' id='word_1_316' title='bbox 450 2719 489 2749; x_wconf 88' lang='lat' dir='ltr'><strong>v.</strong></span> <span class='ocrx_word' id='word_1_317' title='bbox 514 2727 546 2757; x_wconf 81' lang='lat' dir='ltr'><strong>p.</strong></span> <span class='ocrx_word' id='word_1_318' title='bbox 572 2718 601 2747; x_wconf 78' lang='lat'><strong>3.</strong></span> <span class='ocrx_word' id='word_1_319' title='bbox 626 2718 664 2748; x_wconf 74' lang='lat' dir='ltr'><strong>A.</strong></span> <span class='ocrx_word' id='word_1_320' title='bbox 805 2695 811 2701; x_wconf 72' lang='grc'><em>’</em></span> <span class='ocrx_word' id='word_1_321' title='bbox 1121 2749 1135 2755; x_wconf 62' lang='grc'><em>,</em></span> <span class='ocrx_word' id='word_1_322' title='bbox 1423 2732 1425 2734; x_wconf 89' lang='grc'>-</span> <span class='ocrx_word' id='word_1_323' title='bbox 1558 2689 1577 2904; x_wconf 55' lang='lat' dir='ltr'><strong>j</strong></span> 
     </span>
    </p>
   </div>
  </div>
 </body>
</html>
