1624 2904
238 187 295 233 42
407 185 436 213 st
696 189 1092 235 DISPUTATIO

242 301 444 342 decretum
464 302 524 340 vel
545 303 777 345 invenerunt
793 303 854 340 vel
870 302 1149 344 defenderunt.
1180 303 1406 356 Quanquam
1424 305 1546 344 exsti-¹

241 362 379 398 terunt
409 360 526 398 etiam
566 361 632 410 qui
661 372 709 398 eo
749 360 794 398 ad
825 372 953 399 meras
984 360 1249 405 cavillationes
1277 361 1547 409 abuterentur,

240 414 446 464 quidquam
467 415 683 466 praedicari
707 416 756 453 de
776 416 901 465 aliqua
932 428 977 454 re
1001 428 1120 465 posse
1149 416 1374 465 praefracte
1403 430 1548 467 negan-

240 474 316 509 tes.
351 481 388 508 v·
427 469 550 524 Soph.
590 484 629 522 p.
660 472 754 513 251.
785 471 828 509 C.
870 471 1023 508 Phileb.
1055 485 1091 521 p.
1126 472 1190 510 14.
1224 472 1267 512 C.
1308 485 1405 521 qnos
1435 473 1547 511 locos

238 526 314 565 iam
352 538 473 576 supra
506 527 766 575 laudavimus;
809 528 988 569 Aristo
1002 531 1028 566 t.
1064 527 1245 577 Mctaph.
1292 528 1359 568 lV.
1405 529 1465 566 19.
1507 542 1548 579 p.

238 581 332 622 119.
367 581 454 623 vll.
492 583 532 622 3.
570 596 609 634 p.
651 584 741 624 169.
781 583 842 621 ed.
870 583 1010 622 Brand.
1071 583 1126 621 Et
1155 584 1192 620 in
1222 584 1360 625 horum
1392 584 1549 635 quidem

236 649 400 675 numero
429 639 546 677 etiarn
576 638 871 689 Dionysodorus
902 644 1039 677 noster
1065 639 1267 677 habendus
1300 645 1375 687 cst,
1405 641 1471 689 qni
1498 640 1549 677 il-

235 693 303 730 lud
333 706 503 733 secum
525 694 725 735 habere
754 707 846 733 sane
865 695 1047 746 pinguius
1071 695 1374 744 interpretatur.
1432 695 1549 745 Unde

235 748 338 787 infra
375 762 413 800 p.
444 750 537 788 3⁰3.
568 750 602 789 Ε
632 763 690 800 sq.
729 752 843 788 ambo
878 750 1085 800 sophistae
1116 763 1137 787 a
1167 751 1333 788 Socrate
1373 752 1546 792 suaviter

233 804 434 852 ridentur,
473 806 577 856 qnod
615 807 779 845 sublatis
808 819 940 844 rerum
979 807 1299 845 attributionibns
1339 818 1415 845 non
1445 808 1546 846 alios

233 864 386 903 tantum
414 861 619 911 refellant,
651 862 722 905 sed
753 863 911 903 sibimet
939 863 1037 913 ipsis
1065 862 1187 902 veluti
1217 875 1285 904 ora
1315 868 1520 905 consuant.

341 973 476 1024 Atque
508 973 571 1011 his
614 974 672 1016 ita
709 975 915 1025 explicatis
955 973 1073 1011 facile
1103 973 1218 1011 etiam
1250 973 1328 1011 hoc
1358 974 1546 1025 intelligi-

229 1031 319 1075 tur,
372 1041 560 1078 quorsum
597 1028 822 1082 pertineant
860 1036 901 1070 ct
937 1030 1132 1080 quomodo
1178 1030 1404 1080 accipivnda
1452 1031 1546 1079 sint,

232 1096 332 1134 quae
370 1085 558 1124 Socrates
605 1085 796 1142 deinceps
846 1086 1115 1136 disputatione
1164 1098 1231 1123 sna
1279 1087 1544 1136 persequitur.

230 1139 268 1178 Is
307 1140 410 1179 enim
449 1141 523 1178 iam
559 1142 730 1183 instituit
774 1141 1039 1192 sophistarum
1081 1142 1273 1185 rationem
1317 1138 1546 1181 ioculariter

228 1196 374 1236 imitari
400 1196 569 1246 ideoque
598 1198 878 1250 neminemjtit
924 1198 1103 1236 dubitat-c
1132 1209 1278 1248 posse,
1319 1199 1409 1248 quin
1439 1198 1543 1239 idem

230 1252 284 1289 sit
311 1251 438 1298 idem,
468 1252 574 1290 aliud
604 1254 656 1292 sit
683 1254 811 1300 aliud,
842 1253 1020 1303 pulcrum
1050 1255 1103 1292 sit
1135 1253 1324 1303 pulcrum.
1381 1254 1543 1295 Etenim

227 1307 283 1348 ita
311 1308 502 1348 statuisse
540 1309 605 1358 qni
642 1309 830 1348 tollerent
870 1309 947 1349 vim
983 1311 1257 1359 rationemque
1297 1309 1544 1359 praedicato-

226 1375 335 1411 rum„
366 1375 414 1400 ex
441 1363 530 1403 loco
560 1363 796 1419 Sophistee,
829 1376 944 1414 quem
974 1370 1090 1403 antea
1117 1366 1351 1410 memoravig
1382 1367 1543 1416 perspi-

227 1431 342 1457 cuum
382 1423 460 1461 est,
492 1419 599 1456 cons.
648 1421 871 1461 Aristot.
910 1420 1079 1459 Elenchi
1129 1421 1306 1470 Sophist.
1341 1419 1462 1461 xvu.
1499 1421 1540 1460 5.

230 1471 455 1525 Si'mplic.
495 1475 542 1513 ad
581 1475 704 1519 Arist.
735 1476 894 1532 Rhysic.
932 1476 1003 1514 fol.
1045 1478 1112 1514 26.
1170 1476 1380 1526 Sophistas
1409 1480 1542 1516 autem

225 1532 283 1572 ait
320 1531 421 1573 hanc
465 1531 648 1581 pusillam
690 1545 774 1573 rem
820 1531 1010 1570 hactenus
1038 1533 1283 1583 neglexisse3
1318 1543 1405 1569 nam
1443 1533 1540 1571 alias

226 1598 297 1624 eos
326 1587 552 1638 praeclaros
583 1600 678 1625 sane
690 1602 696 1605 '⁷
713 1600 918 1627 sermones
947 1588 1171 1638 elaborare,
1212 1587 1539 1644 quemadmodum

223 1642 420 1699 perfectis
449 1644 667 1685 artificibus
696 1645 911 1690 conveniat,

333 1744 554 1784 Postremis
589 1746 720 1785 verbis
756 1745 962 1796 sophistae
998 1744 1126 1782 denno
1155 1748 1318 1787 utuntur
1344 1746 1391 1785 ad
1420 1757 1538 1785 novas

222 1802 398 1852 argutias
427 1801 660 1851 captandas,
700 1802 870 1842 nondum
898 1802 1095 1841 vanissimi
1125 1802 1281 1840 artificii
1310 1803 1442 1840 taedio
1472 1814 1538 1840 ca-

222 1859 296 1908 pti.
353 1857 436 1896 Imo
462 1870 529 1895 eas
549 1858 648 1895 adeo
678 1862 861 1897 acervant
880 1862 999 1908 atque
1027 1857 1239 1904 cumulant„
1269 1862 1314 1900 ut
1336 1858 1537 1906 Socrates,

221 1914 291 1953 ubi
318 1914 476 1953 tandem
516 1925 565 1952 eo
593 1913 779 1954 redactus
810 1918 895 1962 est,
939 1918 981 1953 ut
1013 1913 1140 1951 lovem
1171 1918 1410 1964 ceterosque
1438 1913 1536 1952 deos

223 1981 318 2009 suos
352 1970 525 2010 vendere
564 1974 606 2015 et
641 1974 814 2008 mactare
852 1969 956 2008 velle
984 1969 1184 2015 videatur„
1224 1982 1297 2007 una
1325 1983 1412 2009 cum
1442 1970 1537 2009 Cte-
1581 1992 1591 1998 -

223 2026 340 2076 sippo
377 2031 560 2076 tanquam
601 2027 715 2076 nugis
753 2027 840 2067 istis
869 2026 1077 2065 confectus
1107 2025 1323 2065 exclamet:
1378 2025 1536 2074 Eheu,

222 2081 314 2123 iam
344 2082 479 2122 satis
509 2086 612 2129 est3
642 2083 735 2121 isti
765 2082 965 2132 quidem
995 2082 1089 2118 viri
1119 2081 1307 2122 invicti
1337 2085 1450 2121 sunt
1477 2078 1534 2134 ¹⁶¹).

222 2138 283 2181 lta
296 2139 418 2188 igitur
444 2138 554 2178 istud
581 2137 995 2189 argutandicertamen
1018 2138 1152 2175 finitur
1173 2149 1248 2176 non
1278 2137 1361 2175 sine
1389 2149 1534 2187 magno

222 2193 366 2245 plausu
406 2190 672 2242 audientium,
710 2195 775 2244 qui
813 2194 1032 2234 sollertiam
1070 2192 1225 2237 scilicet
1250 2193 1365 2238 istam
1395 2193 1533 2244 sophi-

221 2253 372 2294 starum
399 2250 658 2294 vehementer
686 2250 936 2296 admirantur.

331 2351 582 2395 Ab‘solvimus
614 2351 773 2391 tandem
802 2363 886 2393 eam
919 2350 1193 2401 disputationis
1222 2352 1403 2399 partem,
1434 2361 1534 2398 qnae

220 2410 495 2450 contortorum
534 2411 577 2445 et
603 2408 869 2454 aculeatorum
899 2407 1185 2457 sophismatum
1226 2406 1335 2455 qnasi
1373 2408 1532 2454 specta-

222 2463 355 2502 culum
372 2463 565 2514 quoddam
592 2463 765 2504 exhibet.
822 2464 864 2501 ln
895 2476 969 2514 qua
998 2461 1199 2503 tractanda
1226 2469 1267 2498 et
1297 2459 1532 2498 elaboranda

224 2531 340 2577 quam
368 2521 570 2577 sapienter
597 2518 711 2563 Plato
739 2524 920 2564 versatus
949 2521 1015 2569 sit,
1043 2530 1143 2564 nunc
1162 2517 1339 2561 omnibus
1369 2515 1532 2560 01111011-
1604 2537 1609 2575 4

267 2715 304 2762 ε)
327 2718 365 2749 r.
388 2719 466 2753 soa.
489 2718 531 2752 A.
