1624 2904
404 133 406 138 '
469 134 527 186 IN
555 136 1050 186 EUTHYPHRoNEM.
1362 141 1448 185 143

98 260 240 304 stravit
278 271 414 301 veram
456 272 551 300 esse
579 256 1070 298 Schleiermacheri
1099 258 1221 306 atque
1260 254 1450 297 Soche-

99 322 143 361 ri
171 313 436 367 sententiam,
472 319 592 357 etiam
621 329 644 355 a
673 315 791 354 nobis
820 315 861 353 in
889 313 1080 365 Prolegg.
1120 314 1168 352 ad
1198 316 1451 365 superiorem

99 378 220 418 huius
256 377 354 416 libri
390 376 607 414 editionem
637 386 677 424 p.
705 370 895 412 XXXVI.
926 372 1157 422 probatam,
1190 373 1257 422 qui
1285 373 1450 426 Euthy-

99 435 299 487 phronem
338 435 583 472 censuerunt
610 431 803 482 seriptum
843 441 936 467 esse
966 440 1045 479 quo
1074 433 1260 479 tempore
1303 429 1452 469 Socra-

100 494 156 532 tis
185 504 303 531 causa
331 491 436 530 haud
456 491 512 529 ita
540 488 695 540 pridem
723 487 762 526 in
792 486 979 526 iudicium
1009 485 1180 524 deducta
1203 491 1330 536 esset,
1352 501 1454 527 nec-

100 549 196 589 dum
232 553 373 600 posset
408 546 655 598 praevideri,
685 549 768 584 tam
795 545 958 583 tristem
988 555 1075 582 eam
1102 542 1327 583 habituram
1358 558 1452 584 esse

104 611 304 647 eventum.
370 605 588 644 Enimvero
625 607 718 642 ante
761 602 1058 640 accusationem
1106 600 1211 639 liber
1260 614 1340 640 non
1387 606 1454 642 est

103 665 280 716 scriptus
310 666 559 714 propterea,
589 661 696 712 quod
725 654 1014 715 diserte0⁴illius
1044 659 1196 697 mentio
1233 659 1274 697 in
1307 672 1355 697 eo
1383 660 1453 698 fa-

104 726 170 761 cta
211 724 289 762 est.
356 718 614 770 Relinquitur
654 729 776 769 erg0,
816 721 863 756 ut
899 719 969 755 aut
1005 720 1103 767 post
1140 715 1320 755 Socratis
1352 730 1453 756 con-

105 777 402 818 demnationem
431 781 500 815 aut
529 778 718 826 tempore
745 774 830 812 litis
859 774 900 812 in
929 772 1078 812 iudicio
1107 774 1321 824 pendentis
1352 788 1453 814 con-

105 836 285 888 signatus
327 846 420 872 esse
457 836 640 885 putetur.
716 831 841 883 Atqui
887 830 1059 869 alterum
1107 831 1207 869 illud
1246 832 1352 870 nulla
1402 843 1453 871 ex

102 897 221 946 parte
256 891 473 930 verisimile
511 894 588 929 est.
656 889 948 939 Quanta‘enim
976 889 1055 926 ista
1082 887 1196 927 foret
1222 889 1453 940 indignitas,

104 951 140 991 si
168 950 284 989 Plato
314 949 510 1000 magistro
538 948 617 986 iam
646 947 695 985 ad
725 945 1046 985 crudelissimum
1079 946 1319 998 supplicium
1352 959 1454 984 con-

103 1007 290 1047 demnato
317 1005 519 1045 Meletum
546 1005 602 1043 ita
635 1008 788 1043 tantum
815 1003 1011 1042 voluisset
1040 1004 1184 1054 punire
1222 1008 1266 1042 et
1296 1004 1453 1053 ulcisci,

102 1068 149 1104 ut
188 1064 238 1103 de
273 1064 435 1115 procaci
460 1066 502 1101 et
530 1061 731 1114 petulanti
761 1061 848 1099 eius
878 1060 1152 1099 adolescentia
1182 1059 1320 1100 facete
1349 1061 1453 1099 hila·
1480 1093 1481 1099 ,

104 1123 288 1173 riterque
326 1121 559 1159 iocaretur‘}
598 1122 667 1157 aut
702 1119 737 1157 si
775 1117 1085 1163 Atheniensium
1121 1117 1453 1158 inhumanitatem

104 1180 162 1218 ita
199 1179 500 1229 castigavisset,
532 1181 578 1216 ut
608 1188 687 1214 uno
717 1175 904 1226 exemplo
934 1174 1037 1214 fatui
1065 1176 1183 1214 istius
1213 1180 1334 1226 atque
1364 1180 1453 1215 sto-

103 1236 188 1276 lide
225 1235 410 1286 religiosi
447 1234 552 1273 vatis
590 1233 889 1271 demonstraret
928 1245 999 1270 eos
1039 1231 1090 1270 ad
1127 1233 1292 1283 pietatis
1320 1234 1454 1271 notio-

104 1305 198 1333 nem
242 1293 382 1331 animis
419 1296 535 1330 recte
574 1289 866 1329 informandam
907 1301 987 1328 non
1016 1302 1110 1328 esse
1138 1289 1342 1328 idoneos?
1398 1290 1455 1329 Et

106 1362 240 1390 nonne
275 1349 494 1388 verisimile
533 1351 597 1387 est
636 1360 725 1386 eum
756 1348 813 1385 ita
849 1347 1063 1398 imaginem
1105 1347 1268 1399 pietatis
1307 1348 1348 1386 in
1377 1346 1455 1386 So-

107 1411 221 1446 crate
257 1407 497 1456 conspicuae
524 1405 648 1456 longe
677 1405 795 1443 aliter
821 1403 951 1442 fuisse
981 1404 1306 1443 adumbraturum
1332 1408 1455 1456 atque

106 1466 147 1504 in
183 1464 263 1502 hoc
302 1463 462 1515 dialogo
501 1463 549 1510 ab
580 1475 629 1500 eo
661 1461 812 1500 factum
841 1461 1051 1500 videmus?
1108 1462 1164 1500 At
1191 1474 1312 1510 vero,
1343 1462 1455 1501 dixe-

106 1523 162 1560 rit
202 1522 418 1572 quispiam,
455 1520 547 1558 fieri
586 1524 723 1558 tamen
753 1518 852 1557 illud
893 1522 1059 1569 potest,
1098 1522 1144 1557 ut
1173 1518 1292 1557 Plato
1315 1520 1453 1574 xmulto

103 1583 292 1629 tempore
320 1583 416 1629 post
433 1577 612 1616 Socratis
642 1577 794 1614 obitum
816 1576 940 1614 talem
968 1575 1115 1614 librum
1146 1577 1451 1628 conscripserit.

104 1636 222 1686 Quod
251 1647 329 1686 ego
357 1635 448 1674 fieri
477 1635 663 1686 potuisse
691 1633 894 1684 duplicem
927 1634 976 1671 ob
997 1646 1156 1672 causam
1176 1646 1292 1685 nego.
1350 1634 1454 1674 Nam

103 1694 275 1745 primum
308 1692 464 1742 quidem
494 1693 552 1731 ita
581 1691 731 1730 crimen
761 1691 1062 1729 inhumanitatis
1092 1692 1241 1729 nomini
1271 1691 1453 1731 Platonis

85 1751 205 1790 *item
242 1749 480 1788 adhaerebit
524 1760 656 1799 neque
686 1748 734 1786 ab
764 1749 894 1786 animo
927 1748 1012 1786 eius
1043 1749 1206 1799 penitus
1235 1749 1454 1800 absterge-

106 1810 186 1849 tur.
238 1805 394 1845 Deinde
429 1806 614 1845 universa
653 1805 878 1844 disserendi
916 1806 1047 1853 ratio,
1088 1806 1259 1856 quaein
1289 1806 1453 1858 Euthy-

107 1864 266 1916 phrone
306 1864 550 1910 dominatur,
587 1863 802 1914 ipsumque
830 1863 922 1901 libri
950 1868 1226 1915 argumentum
1258 1864 1455 1903 eiusmodi

109 1925 197 1969 est,
234 1924 280 1959 ut
317 1920 477 1959 Platoni
516 1920 724 1958 Socratico
765 1921 1000 1969 conveniat,
1030 1921 1235 1959 eidem'ut
1263 1921 1453 1972 philoso-

109 1978 193 2031 pho
222 1978 285 2017 sui
313 1978 412 2015 iuris
449 1978 561 2029 quasi
589 1976 699 2015 facto
730 1977 853 2017 tribui
881 1978 992 2015 nullo
1022 1978 1142 2016 modo
1168 1980 1313 2028 possit.
1373 1978 1450 2017 Su-

110 2038 254 2088 perest
285 2035 437 2086 igitur,
474 2039 520 2072 ut
557 2046 784 2072 sermonem
819 2035 1015 2086 scriptum
1047 2048 1247 2073 sumamus
1279 2047 1371 2074 esse
1401 2048 1452 2075 eo

110 2098 322 2144 tempore,
362 2103 440 2142 quo
479 2103 626 2130 nomen
662 2090 841 2130 Socratis
879 2092 984 2143 apud
1020 2093 1297 2144 magistratum
1345 2092 1455 2132 haud

110 2150 268 2203 pridem
308 2148 486 2187 delatum
521 2152 621 2188 erat.
671 2149 795 2199 Quod
828 2149 862 2187 si
891 2149 1098 2200 ponimus,
1130 2149 1261 2187 omnia
1287 2149 1451 2190 facilem

109 2208 315 2250 habebunt
345 2206 676 2257 explicationem,
707 2207 806 2256 quae
836 2206 1011 2258 alioquin
1039 2219 1118 2245 non
1148 2211 1289 2245 carent
1318 2208 1451 2247 osten-

110 2266 237 2307 sione.
305 2264 536 2313 Quanquam
569 2262 648 2301 hoc
684 2262 776 2301 loco
825 2264 1116 2303 occurrendum
1154 2263 1315 2303 videtur
1357 2271 1452 2304 ante

111 2323 243 2361 omnia
278 2321 515 2359 dubitationi
558 2320 736 2368 cuidam,
775 2333 876 2371 quae
904 2321 1026 2360 facile
1055 2322 1174 2360 alicui
1200 2321 1241 2359 in
1271 2328 1450 2362 mentem

111 2379 256 2420 veniat.
309 2378 441 2416 Erunt
469 2377 573 2416 enim
606 2377 782 2416 fortasse
812 2379 879 2429 qui
907 2377 1115 2417 Platonem
1154 2379 1452 2418 inconsiderate

113 2436 266 2475 fecisse
305 2435 464 2482 dicant,
503 2435 538 2473 si
580 2446 629 2472 eo
658 2435 747 2485 ipso
775 2438 987 2486 tempore,
1019 2448 1097 2488 quo
1126 2436 1279 2474 crimen
1308 2437 1453 2487 impie-

114 2494 208 2531 tatis
238 2506 261 2531 a
291 2491 459 2530 Socrate
489 2491 698 2542 depellere
723 2491 920 2540 voluerit,
954 2505 1002 2531 ex
1030 2498 1167 2532 mente
1195 2493 1324 2543 ipsius
1363 2494 1451 2532 cul-

114 2553 197 2588 tum
244 2550 410 2588 deornm
451 2549 654 2599 vulgarem
691 2550 975 2599 perstrinxerit
1022 2551 1271 2600 maximeque
1310 2562 1450 2589 eorum

115 2606 219 2644 rixas
268 2611 311 2646 et
348 2607 628 2644 contentiones
666 2605 844 2657 itemque
880 2607 1068 2658 vulgares
1110 2608 1160 2645 de
1198 2618 1365 2656 precum
1407 2612 1450 2646 et

115 2662 397 2701 sacrificiorum
425 2662 601 2701 utilitate
629 2666 750 2713 atque
780 2662 918 2702 fructu
946 2665 1155 2715 opiniones
1186 2663 1450 2713 exagitaverit

113 2724 234 2771 atque
274 2720 316 2761 in
350 2723 596 2760 contemtum
633 2719 854 2763 adduxerit.
920 2721 1039 2772 Quod
1075 2721 1117 2762 in
1154 2719 1235 2759 hoc
1263 2719 1369 2759 libro
1399 2722 1447 2761 ab
