1624 2904
527 178 599 221 An
628 176 923 221 MaNoNaM.
1350 174 1406 245 ¹.¹

179 297 329 338 verum
374 296 556 336 nolumus
594 306 697 333 nunc
735 293 776 332 in
813 292 922 332 hunc
959 305 1142 347 campum
1179 293 1300 334 latius
1334 305 1408 334 ex·-

68 356 261 410 spatiari:
292 355 389 395 satis
418 354 497 393 erit
525 355 689 392 tautum
707 351 988 402 praemisisse,
1020 357 1209 403 quantum
1238 351 1288 391 ad
1317 350 1408 390 dia-

67 414 203 465 logum
242 411 427 451 Menonis
457 411 617 450 nomine
644 409 903 459 inscriptum,
934 421 1052 459 quem
1084 411 1175 461 quia
1203 422 1293 448 cum
1321 408 1408 448 Eu-

65 470 258 522 thydemo
295 469 520 508 arctissima
555 465 854 505 necessitudine
897 466 1132 506 coniunctus
1173 472 1260 515 est,
1304 478 1410 506 nunc

64 529 195 567 denuo
232 527 304 566 sed
335 527 455 578 longe
492 524 611 563 aliter
646 529 769 575 atque
809 523 904 562 olim
944 522 1178 564 adornatum
1206 525 1247 563 in
1275 522 1410 563 lucem

65 586 308 631 emittimus,
338 587 523 635 quantum
554 582 677 633 igitur
705 581 754 619 ad
783 581 889 619 hunc
921 580 1065 620 librum
1091 586 1206 622 recte
1245 580 1410 623 subtili-

64 648 209 696 terque
237 639 538 693 intelligendum
568 639 840 677 necessarium
869 638 997 677 visum
1029 643 1106 679 est.

177 698 375 740 Versatur
411 697 536 749 igitur
581 696 649 735 hic
686 694 790 734 liber
829 696 869 734 in
908 708 957 735 eo
997 698 1258 748 argumento,
1300 693 1408 747 quod
1483 728 1489 733 ,

65 762 182 796 antea
204 769 225 794 a
245 755 413 794 Platone
444 753 607 805 saepius
637 757 853 792 tractatum
878 765 970 791 esse
992 752 1173 793 diximus.
1196 753 1407 804 Castigan-

64 820 131 854 tur
165 813 268 852 enim
308 813 520 864 sophistae
558 823 604 848 ac
649 811 721 849 viri
761 810 924 858 civiles,
965 824 1132 861 quorum
1173 810 1292 848 alteri
1329 810 1408 850 sibi

62 876 219 911 temere
253 870 415 908 virtutis
454 869 660 907 scientiam
702 867 987 919 docendaeque
1026 869 1260 908 facultatem
1292 879 1406 906 arro⁴

62 929 231 980 gabant,
266 927 386 965 alteri
425 927 466 965 in
501 938 655 963 summo
697 925 971 976 sophistarum
1020 930 1228 965 contemtu
1271 928 1408 964 tamen

65 985 269 1038 praeclara
295 983 455 1023 virtutis
491 983 620 1022 civilis
648 983 954 1031 exercitatione,
994 996 1111 1035 quam
1142 982 1300 1023 scilicet
1330 982 1408 1022 sibi

60 1042 248 1082 volebant
279 1053 372 1080 esse
400 1041 628 1093 propriam,
656 1041 811 1092 ingenti
840 1053 929 1078 cum
960 1039 1073 1080 fastu
1102 1040 1407 1093 superbiebant.

59 1100 138 1150 Qui
176 1099 338 1150 utrique
376 1098 559 1149 quoniam
596 1098 638 1136 in
677 1110 726 1136 eo
757 1102 871 1136 certe
900 1098 1071 1138 mirifice
1102 1098 1408 1147 conveniebant,

61 1157 168 1209 quod
186 1167 345 1195 omnem
364 1155 527 1194 virtutis
549 1156 626 1193 vim
641 1155 828 1194 utilitatis
844 1155 979 1195 studio
1010 1156 1290 1205 terminabant,
1320 1154 1406 1194 ele-

59 1215 296 1267 gantissime
323 1216 421 1265 post
446 1211 588 1265 longas
617 1212 903 1263 disputationis
929 1215 1117 1266 ambages
1147 1225 1215 1252 res
1238 1224 1287 1252 eo
1317 1216 1406 1252 tan-

60 1272 154 1311 dem
181 1270 440 1322 perducitur,
468 1274 516 1310 ut
543 1273 630 1308 tota
658 1270 738 1308 ista
766 1271 892 1308 virtus
922 1271 1074 1320 civilis,
1113 1284 1229 1323 quam
1262 1273 1305 1308 et
1334 1281 1409 1308 so·-

31 1336 35 1347 ¹
59 1329 222 1381 pbistae
249 1326 411 1366 tradere
440 1338 486 1365 se
515 1339 640 1378 posse
669 1326 855 1365 dicebant
884 1332 926 1366 et
955 1329 1004 1376 ii,
1034 1329 1100 1379 qui
1129 1330 1168 1367 in
1197 1327 1407 1379 republica

59 1386 345 1431 versabantur,
373 1395 453 1423 non
482 1385 569 1422 sine
601 1384 790 1436 superbia
821 1396 919 1434 prae
950 1398 996 1424 se
1025 1385 1233 1434 ferebant,
1278 1384 1406 1422 haud-

61 1455 255 1495 quaquam
275 1442 459 1490 scientia,
489 1442 562 1480 sed
589 1454 667 1481 una
696 1441 884 1492 opinione
904 1446 947 1482 et
975 1443 1212 1482 coniiciendi
1244 1441 1405 1480 exerci-

58 1501 213 1539 tatione
249 1499 324 1538 niti
358 1498 532 1551 ideoque
569 1510 738 1538 munere
766 1498 898 1538 divino
926 1500 1154 1542 hominibus
1193 1499 1406 1552 obtingere

55 1556 267 1599 iudicetur.

171 1615 283 1664 Quae
323 1612 483 1665 quidem
522 1613 720 1653 sermonis
759 1613 969 1653 conversio
1019 1613 1099 1653 dici
1145 1627 1224 1656 non
1262 1616 1404 1667 potest

61 1675 310 1724 quantopere
347 1670 443 1710 olim
481 1670 613 1710 fraudi
651 1671 780 1710 fuerit
813 1671 909 1709 viris
937 1671 1170 1722 quibusdam
1213 1673 1403 1712 doctissi-

60 1730 162 1777 mis,
200 1729 374 1780 quinon
401 1732 596 1780 percepta
633 1728 813 1767 Socratis
851 1727 1050 1768 Platonici
1086 1730 1212 1769 ironia
1248 1734 1292 1769 et
1331 1742 1402 1768 ur-

59 1786 238 1824 banitate
280 1785 566 1837 philosophum
606 1790 834 1824 statuerunt
855 1786 896 1824 in
933 1785 1013 1825 hoc
1042 1786 1147 1826 libro
1179 1787 1220 1826 id
1251 1788 1402 1839 egisse,

62 1846 109 1881 ut
134 1843 321 1882 virtutem
351 1855 430 1882 non
459 1842 670 1894 disciplina
697 1844 844 1894 parari,
874 1843 945 1882 sed
976 1845 1146 1883 numinis
1176 1845 1296 1884 divini
1325 1846 1401 1883 be-

62 1899 207 1938 neficio
236 1899 461 1939 hominibus
500 1900 623 1939 tribui
672 1899 1017 1940 demonstraretur
1055 1900 1117 1956 *).
1188 1903 1246 1942 At
1293 1903 1401 1941 enim

61 1968 158 1994 vero
198 1969 315 2008 quum
354 1955 473 1996 Plato
511 1957 559 2007 in*
588 1957 830 2009 Protagora,
879 1958 1166 2011 Euthydemo,
1202 1959 1399 2008 Lachete,

62 2011 241 2052 Socratis
271 2011 464 2052 defendat
491 2013 556 2052 vel
584 2018 698 2053 certe
727 2014 932 2066 amplexus
962 2017 1015 2055 sit
1046 2018 1300 2064 sententiam,
1332 2017 1400 2068 qui

59 2071 249 2109 virtutem
278 2070 319 2109 in
349 2070 515 2109 scientia
556 2071 716 2110 volebat
743 2073 901 2120 inesse,
946 2077 1061 2112 certe
1090 2088 1112 2112 a
1143 2079 1275 2113 semet
1306 2075 1398 2125 ipso

59 2127 278 2166 descivisse
321 2126 602 2167 existimandus
642 2134 779 2176 esset,
819 2129 854 2167 si
890 2129 931 2168 in
969 2129 1148 2170 Menone
1177 2133 1285 2170 serio
1314 2131 1398 2170 tale

59 2184 154 2236 quid
182 2183 446 2226 defendisset.
504 2184 692 2234 Accedit,
721 2186 761 2224 id
792 2185 898 2237 quod
926 2186 986 2225 illi
1015 2194 1172 2227 temere
1202 2188 1398 2239 neglexe-

59 2245 176 2291 runt,
204 2241 311 2293 quod
339 2254 419 2280 non
448 2241 499 2280 de
527 2243 709 2281 universa
736 2243 886 2281 virtute
914 2244 1103 2286 iudicium
1134 2246 1204 2295 fit,
1242 2245 1314 2285 sed
1344 2245 1398 2286 de

60 2311 137 2338 uua
163 2299 312 2337 virtute
341 2298 468 2347 civili,
495 2311 611 2350 quam
641 2300 710 2338 isti
737 2299 896 2340 scilicet
925 2314 1040 2341 unam
1071 2302 1284 2343 laudabant
1311 2317 1398 2343 ma-

60 2355 244 2407 ximeque
272 2357 542 2395 sectabantur.
599 2355 728 2396 Huius
757 2358 884 2409 igitur
903 2361 1080 2411 pretium
1110 2367 1232 2412 atque
1265 2360 1400 2414 digni-

61 2416 125 2452 tas
152 2412 204 2451 ad
230 2412 438 2453 doctrinae
467 2413 701 2454 Socraticae
727 2426 906 2458 normam
935 2417 1112 2471 exigitur
1139 2419 1221 2468 sic,
1248 2422 1295 2458 ut
1323 2418 1399 2459 do-

107 2619 142 2665 ⁴)
174 2622 218 2655 V.
251 2624 513 2659 fauebat-n.
545 2626 730 2667 symbolae
761 2629 804 2661 ad
832 2628 956 2664 histor.
986 2631 1074 2672 phil.
1108 2633 1146 2665 P.
1181 2632 1227 2664 X.
1262 2642 1297 2673 p.
1330 2632 1395 2663 143

175 2678 250 2709 sqq.
293 2671 479 2704 Fischer
512 2673 555 2704 ad
579 2674 736 2719 Aeschin-
769 2677 904 2710 socrat.
938 2688 972 2718 p.
1004 2680 1060 2710 21.
1109 2678 1398 2710 Tiedemann.

172 2716 386 2802 ἒῐςῖιὲῗοὲιιῖι
415 2718 520 2752 Diali.
550 2719 640 2752 Plat.
662 2729 697 2760 p.
725 2721 802 2754 129.
847 2725 974 2777 Naat.
999 2725 1163 2766 opuscul.
1186 2725 1266 2757 Lat.
1286 2725 1327 2765 Ρ,
1351 2725 1397 2758 ΙΙ.
