1624 2904
269 167 324 207 36
725 159 1133 201 nlsPU'rA'rlo

246 303 248 307 -
272 276 571 330 praestigiarum
590 274 665 312 ista
694 274 846 312 scilicet
873 275 1122 325 philosophia
1152 287 1198 314 ex
1227 275 1470 326 Protagorae
1500 279 1587 314 orta

270 335 424 373 ratione
451 331 703 381 processerit.
761 330 972 368 Praeterea
1002 332 1117 369 etiam
1149 331 1327 382 Ctesippi
1354 332 1584 370 adolescew

270 391 323 429 tis
360 387 539 437 exemplo
578 386 895 433 demonstratur,
934 399 1047 435 quam
1089 399 1162 425 non
1205 389 1257 425 sit
1296 387 1461 425 difficile
1491 388 1584 425 talia

271 443 492 494 disputandi
521 443 685 480 artificia
713 442 920 480 addiscere
951 447 992 480 et
1020 443 1180 489 callere,
1210 443 1263 480 ita
1293 448 1337 481 ut
1365 443 1583 482 clarissime

272 500 428 539 tandem
466 499 707 548 intelligatur
741 502 864 535 totam
903 499 1019 536 istam
1053 503 1176 537 artem
1217 499 1314 536 nihil
1341 499 1488 537 habere
1519 511 1583 536 re-

272 556 442 602 conditi,
481 555 551 593 scd
589 554 703 592 unice
740 555 829 592 fere
857 549 1002 606 ἀλόγῳ
1034 555 1119 595 τινὶ
1148 554 1297 611 τριβῇ,
1336 559 1379 592 ut
1408 555 1499 593 alibi
1529 556 1582 592 ait

251 639 253 643 .
273 612 387 651 Plato
400 640 413 658 ,
434 610 647 649 contineri.

376 688 644 737 'Posteaquam
676 688 795 737 igitur
822 686 1032 734 Socrates,
1075 687 1253 725 absoluta
1283 689 1488 737 superiore
1521 701 1584 727 ar-

269 745 578 796 gumentatione,
607 744 901 793 Euthydemum
931 744 1206 793 interrogavit,
1235 756 1325 781 num
1355 745 1430 794 ipsi
1457 744 1585 783 frater

271 805 386 839 recte
424 800 619 839 iudicasse
657 800 853 845 uideatur,
890 805 1079 849 protenus
1118 799 1435 848 Dionysodorus,
1475 800 1583 839 fra-

270 857 367 895 tris
404 857 563 895 nomine
603 854 756 903 audito7
794 857 970 904 quaerit,
1008 867 1097 892 num
1126 855 1251 904 ipsum
1283 859 1396 905 putet
1423 855 1584 906 Euthy-

270 912 376 951 demi
405 913 572 950 fratrem
602 923 705 950 esse.
765 909 823 948 Ita
858 911 979 961 igitur
1005 911 1070 948 hic
1101 913 1300 959 praesenti
1327 913 1489 949 materia
1516 924 1582 950 re·

270 966 366 1007 licta
392 972 549 1007 temere
577 967 625 1005 ad
654 967 728 1004 alia
757 967 885 1004 omnia
913 966 1213 1016 transgreditur.
1272 966 1353 1004 Nec
1384 980 1476 1005 vero
1507 967 1581 1006 So-

270 1030 402 1062 crates
431 1023 479 1062 ad
508 1024 608 1062 hanc
638 1023 909 1072 quaestionem
931 1023 1039 1072 prius
1069 1023 1152 1060 vult
1181 1023 1437 1072 respondere,
1467 1035 1582 1072 quam

269 1078 545 1130 Euthydemus
574 1079 624 1116 de
663 1090 709 1115 re
747 1078 864 1115 modo
903 1077 1120 1127 disceptata
1161 1091 1272 1116 suum
1312 1079 1495 1117 iudicium
1522 1080 1581 1118 in-

268 1137 524 1185 terposuerit.
581 1133 661 1173 Sed
685 1135 750 1172 ubi
768 1134 1063 1184 Dionysodorus
1092 1133 1142 1170 de
1171 1134 1245 1172 hac
1274 1135 1358 1172 eius
1386 1136 1581 1186 tergiver-

271 1193 425 1230 satione
464 1195 507 1230 et
541 1192 791 1229 cunctatione
828 1190 1001 1241 graviter
1036 1190 1238 1239 queritur,
1278 1190 1346 1228 ille
1374 1190 1508 1229 facete
1537 1198 1581 1230 et

269 1247 419 1285 urbane
457 1259 502 1286 se
542 1253 618 1284 non
653 1247 739 1284 sine
781 1259 898 1284 causa
934 1246 989 1284 ait
1021 1246 1221 1293 cunctari,
1267 1246 1579 1296 quandoquidem

269 1303 344 1341 sihi
378 1315 467 1340 cum
506 1302 658 1340 duobus
695 1302 887 1351 sophistis
915 1301 1162 1352 pugnandum
1190 1302 1265 1349 sit,
1303 1307 1344 1339 et
1373 1303 1578 1342 Patrocles

268 1369 385 1406 snus,
415 1359 480 1407 qui
510 1358 604 1396 Iolai
632 1362 765 1407 partes
794 1358 994 1396 sustinere
1022 1361 1160 1407 queat,
1200 1358 1234 1395 si
1262 1358 1403 1396 auxilio
1432 1360 1577 1407 veniat,

267 1411 372 1452 haud
401 1414 517 1451 dubie
556 1427 639 1452 rem
671 1415 786 1451 etiam
807 1415 983 1464 peiorem
1011 1414 1065 1451 sit
1092 1413 1327 1454 redditurus.
1384 1414 1576 1454 Nimirum

267 1468 323 1506 ita
341 1473 383 1507 et
402 1470 617 1507 communis
632 1470 799 1506 fratrum
820 1471 985 1507 istorum
1009 1470 1182 1517 carpitur
1203 1479 1342 1518 pugna,
1377 1473 1418 1507 et
1436 1470 1576 1509 Patro-

266 1523 353 1571 clis‚
373 1525 557 1572 hominis,
578 1529 622 1562 ut
641 1525 807 1571 videtur,
827 1524 875 1562 ad
902 1524 1173 1573 disputandum
1189 1536 1324 1574 parum
1341 1525 1486 1574 idonei,
1515 1528 1574 1565 iu-

264 1580 380 1619 scitia
417 1584 460 1619 et
497 1581 640 1619 inertia
674 1580 808 1618 facete
846 1580 1077 1621 traducitur.
1143 1579 1256 1628 Quod
1294 1592 1364 1617 cur
1404 1582 1461 1619 ita
1489 1582 1574 1630 fiat,

263 1636 344 1674 etsi
362 1634 657 1687 haudquaquam
677 1637 923 1686 exploratum
946 1635 1151 1681 habemus,
1181 1640 1312 1673 tamen
1342 1648 1418 1674 non
1437 1638 1575 1687 inepte

261 1692 477 1742 suspiceris
510 1691 734 1730 Patroclem
774 1693 893 1730 istum
918 1691 1035 1742 vulgo
1062 1690 1231 1729 ludibrio
1260 1691 1435 1730 habitum
1466 1705 1572 1739 esse,

256 1749 306 1786 ut
341 1759 443 1786 nunc
480 1748 570 1798 ipse
606 1747 794 1786 Socrates
836 1749 875 1785 in
915 1747 991 1785 hoc
1020 1758 1230 1794 sermone,
1266 1748 1306 1785 in
1336 1760 1414 1798 quo
1443 1750 1572 1787 omnia

253 1803 448 1842 ‘comicum
476 1804 628 1854 spirant
655 1804 917 1848 hilaritatem,
956 1803 1120 1840 aliorum
1147 1804 1320 1841 imitatus
1349 1816 1499 1842 morem
1530 1809 1573 1843 et

256 1859 580 1897 consuetudinem
628 1871 717 1898 eum
762 1872 841 1897 non
877 1860 963 1897 sine
998 1859 1243 1896 cavillatione
1284 1865 1571 1899 commemoret

254 1913 436 1965 adeoque
462 1915 663 1967 sophistas
693 1915 948 1954 acerbissime
975 1915 1127 1952 risurus
1156 1926 1244 1952 cum
1272 1915 1400 1953 altero
1429 1927 1568 1956 eorum

228 1974 472 2020 comparet.
537 1970 619 2008 Sed
664 1971 769 2009 istud
815 1975 1013 2021 utcunque
1049 1982 1141 2008 sese
1179 1970 1320 2017 habet,
1359 1971 1567 2022 Euthyde-

251 2036 340 2066 mus
377 2026 563 2076 quidem,
590 2026 786 2065 Patroclis
823 2028 936 2065 istius
971 2026 1114 2063 iniecta
1140 2027 1360 2075 mentione,
1389 2029 1566 2078 priorem

250 2083 546 2130 quaestionem,
588 2082 659 2121 sed
686 2083 827 2121 leviter
854 2083 1095 2120 immutatam
1122 2081 1248 2130 illam,
1286 2082 1413 2122 denuo
1442 2096 1562 2135 repe-

249 2137 316 2176 tit.
371 2138 595 2189 Interrogat
627 2140 752 2186 enim,
794 2151 885 2177 num
913 2137 1118 2176 Patrocles
1147 2137 1236 2185 ille,
1266 2151 1381 2189 quem
1412 2138 1561 2180 Iolaum

248 2203 363 2230 suum
392 2194 665 2244 appellaverit,
695 2197 747 2232 sit
775 2193 911 2232 fratris
940 2194 1057 2231 filius.
1114 2193 1244 2244 Negat
1271 2194 1348 2232 hoc
1372 2194 1560 2235 Socrates

249 2258 418 2298 eumque
451 2249 615 2288 fratrem
663 2262 711 2287 ex
749 2255 875 2288 matre
916 2251 971 2286 ait
1006 2261 1120 2296 esse,
1165 2251 1231 2300 qui
1270 2253 1384 2300 patre
1423 2247 1558 2290 utatur

245 2301 542 2354 Char-edema,
570 2305 726 2343 diverso
755 2306 823 2343 illo
852 2318 874 2343 a
904 2304 1196 2355 Sophronisco,
1225 2318 1339 2355 quem
1368 2307 1456 2356 ipse
1487 2320 1556 2358 pa-

245 2360 349 2398 trem
361 2360 517 2399 habeat.
574 2360 663 2399 Hoc
682 2374 775 2400 vero
799 2373 994 2411 responso
1025 2366 1139 2398 utens
1171 2362 1371 2411 sophista:
1426 2362 1553 2413 Ergo,

240 2412 385 2465 inquit,
417 2415 713 2455 Chaeredemus
741 2423 805 2456 est
833 2417 931 2455 alius
962 2428 1075 2467 quam
1103 2420 1240 2467 pater,
1275 2417 1446 2468 ideoque
1475 2431 1553 2458 non

239 2474 305 2508 est
340 2475 476 2521 pater;
516 2473 733 2524 eademque
774 2473 1032 2525 Sophronisci
1060 2473 1164 2511 ratio
1194 2476 1279 2522 est,
1307 2478 1352 2512 ut
1378 2473 1480 2513 adeo
1508 2479 1551 2513 tu

237 2529 354 2576 patre
380 2540 529 2569 careas,

343 2613 471 2655 Docta
509 2616 608 2656 haec
636 2618 922 2668 argumentatio
952 2630 999 2656 ex
1030 2629 1079 2656 eo
1103 2621 1180 2665 est,
1209 2618 1314 2668 quod
1343 2619 1543 2667 statuitur,

232 2667 333 2708 idem
364 2674 652 2722 praedicatum,
683 2674 787 2725 quod
814 2678 977 2722 vocant,
1015 2686 1092 2713 non
1120 2686 1243 2724 posse
1272 2675 1452 2725 pluribus
1480 2679 1542 2713 at-
