1624 2904
265 146 352 190 22⁰
723 141 1135 187 PROLEGOMENA

265 258 465 311 explicare
492 258 674 296 conatum
702 267 817 296 esse:
845 253 897 294 de
925 266 1000 306 qua
1026 268 1074 295 re
1119 256 1302 308 exposuit
1334 255 1585 310 Wymper-

265 328 359 358 see
397 313 565 355 Diatrib.
602 312 664 352 De
701 311 927 352 Xenocrate
965 311 1204 354 Chalcedon.
1231 324 1269 364 p.
1305 313 1359 352 96
1387 326 1474 365 sqq,
1529 314 1585 355 At

263 383 351 412 eam
388 370 651 422 suspicionem
687 381 760 408 nos
789 368 947 417 quidem
974 380 1109 407 vanam
1139 373 1182 409 et
1207 367 1360 408 inanem
1389 383 1480 410 esse
1507 381 1584 422 pu-

263 432 407 470 tamus.
470 425 610 475 Neque
649 426 752 464 enim
789 423 1036 463 Xenocrates
1075 423 1158 462 ullo
1189 424 1308 465 modo
1335 425 1374 464 id
1402 427 1508 478 egit,
1538 430 1584 466 ut

261 482 565 536 superstitiosas
593 481 644 520 de
670 479 864 519 divinandi
892 479 1083 519 facultate
1118 480 1293 520 rationes
1334 481 1584 521 commenda-

261 545 353 588 ret,
383 538 454 578 sed
482 538 698 576 doctrinam
727 536 776 575 de
804 535 1059 575 daemonibus
1087 536 1136 575 ab
1172 536 1259 586 ipso
1294 536 1461 577 Platone
1489 549 1583 589 pro·

261 596 412 636 sectam
449 595 504 633 ita
541 593 746 642 tractavit,
783 595 828 630 ut
865 604 951 630 eam
988 591 1052 630 vel
1087 592 1265 642 populari
1301 593 1484 644 religioni
1511 606 1583 633 ac-

261 650 514 693 commodare
542 649 743 697 studeret,
769 647 834 685 vel
861 647 909 686 ad
937 647 1277 699 Pythagoreorum
1303 650 1497 688 rationem
1514 661 1583 689 re-

260 708 393 749 ferret
427 709 481 745 ·et
520 707 713 756 exigeret.
778 702 825 742 Id
864 703 969 753 quod
1006 705 1103 743 satis
1139 709 1252 743 certo
1296 705 1497 756 colligitur
1534 717 1583 746 ex

260 761 545 805 Plutarcho
575 760 635 800 De
664 759 757 802 Isid.
785 763 829 798 et
858 760 965 799 Osir.
992 772 1031 810 p.
1059 760 1154 798 360.
1174 759 1222 801 Ι).
1241 759 1335 801 361.
1353 761 1398 799 Β.
1423 761 1482 800 De
1499 760 1582 802 De-

259 821 376 860 fectu
411 817 569 858 Oracul.
604 830 644 868 p.
671 816 768 858 416.
805 815 851 854 0.
880 815 975 854 419.
1003 815 1052 856 A.
1080 819 1123 854 et
1152 814 1384 855 Stobaeo
1411 817 1581 869 Eclogg.

259 876 386 931 Phys.
414 873 444 914 1.
472 875 512 916 3.
543 885 583 925 p.
610 872 638 912 5
657 884 716 923 sq.
737 871 798 911 ed.
816 871 994 910 Heeren.
1013 870 1249 916 Lustrantes
1269 876 1400 910 autem
1422 885 1579 914 omnem

260 944 400 973 eorum
428 931 625 978 ordinem,
655 928 721 979 qui
748 929 808 967 illi
834 928 874 966 in
901 927 1114 967 Academia
1142 926 1329 978 deinceps
1367 940 1582 968 successe-

257 992 372 1037 runt,
413 988 610 1026 neminem
645 997 763 1024 unum
792 984 1028 1033 invenimus,
1057 983 1124 1033 qui
1150 983 1274 1022 videri
1302 985 1429 1034 possit
1457 985 1513 1024 ita
1539 985 1582 1026 in

257 1042 574 1098 philosophando
610 1045 788 1080 versatus
817 1051 932 1088 esse,
962 1043 1006 1079 ut
1032 1039 1135 1078 tales
1166 1040 1460 1090 superstitionis
1489 1041 1581 1080 foe-

257 1106 325 1142 tus
365 1099 446 1138 ullo
482 1097 599 1137 modo
634 1097 793 1138 foverit.
854 1096 1049 1146 Quocirca
1075 1096 1168 1135 alibi
1192 1096 1438 1146 quae-rendae
1466 1097 1583 1136 inve·
1620 1123 1624 1132 1

256 1156 540 1208 stigandaeque
574 1153 667 1192 libri
704 1153 876 1204 origines
911 1156 1015 1191 sunt.
1077 1151 1178 1202 Quid
1208 1152 1360 1190 multa‘!
1388 1165 1461 1191 nos
1492 1153 1583 1203 qui-

255 1212 350 1253 dem
376 1212 535 1264 penitus
563 1210 677 1249 nobis
705 1209 970 1260 persuasimus
1013 1212 1143 1247 ortum
1169 1208 1280 1246 illum
1312 1220 1403 1247 esse
1432 1221 1480 1247 eo
1509 1208 1583 1248 de·-

255 1281 363 1312 mum
395 1271 591 1317 tempore,
620 1277 697 1316 quo
719 1266 898 1304 doctrina
920 1264 1145 1302 Stoicorum
1173 1264 1312 1314 viguit,
1342 1268 1383 1303 et
1402 1264 1583 1304 fortasse

254 1326 306 1366 ab
342 1324 504 1363 homine
543 1323 675 1372 aliquo
712 1321 996 1373 compositum,
1032 1321 1099 1370 qui
1131 1319 1289 1358 illorum
1332 1321 1490 1371 scriptis
1528 1321 1582 1361 de

253 1381 401 1423 talibus
428 1381 548 1419 rebus
578 1379 694 1417 editis
722 1382 916 1417 uteretur.
973 1376 1087 1426 Quod
1114 1376 1149 1415 si
1177 1376 1332 1426 quaeris
1362 1377 1465 1416 unde
1484 1389 1581 1417 con-

255 1439 456 1484 iiciamus,
487 1447 605 1486 quum
633 1434 790 1473 aliunde
818 1436 975 1473 constat
1002 1432 1161 1471 Stoicos
1198 1432 1252 1488 τῇ
1277 1432 1465 1490 μαντικῇ
1491 1433 1580 1484 plu·

253 1495 397 1535 timum
434 1492 645 1539 tribuisse,
684 1490 735 1529 de
775 1502 851 1540 qua
878 1502 925 1528 re
952 1489 1050 1527 dixit
1078 1488 1372 1527 Creuzerus
1401 1488 1578 1540 Symbol.

255 1549 307 1592 T.
331 1549 360 1591 1.
389 1561 428 1601 p.
457 1547 552 1586 215.
583 1547 645 1586 ed.
672 1546 712 1587 2.
740 1550 823 1585 tum
848 1558 1006 1597 gravem
1034 1544 1223 1584 habemus
1252 1549 1412 1583 nostrae
1439 1546 1580 1584 conie-

253 1610 394 1647 cturae
431 1608 637 1655 patronum
666 1603 793 1653 ipsum
823 1602 1071 1646 Ciceronem.
1128 1601 1167 1640 Is
1198 1601 1300 1639 enim
1329 1599 1389 1638 De
1417 1600 1577 1640 Divina-

252 1663 414 1703 natione
443 1660 490 1702 L.
519 1660 550 1700 1.
579 1661 618 1699 3.
647 1659 698 1697 de
726 1659 884 1697 illorum
913 1658 992 1695 hoc
1019 1658 1059 1695 in
1087 1668 1236 1708 genere
1265 1656 1428 1695 studiis:
1459 1656 1578 1696 Cra-

252 1719 460 1769 tippus,
503 1715 790 1753 familiaris
828 1717 1032 1759 no-ster,
1074 1724 1218 1762 quem
1268 1724 1365 1763 ego
1410 1724 1577 1763 parem

251 1772 458 1815 summis
496 1770 881 1820 Peripateticis
934 1768 1132 1816 iudico,
1180 1767 1370 1806 iisdem
1414 1769 1573 1809 rebus

249 1828 415 1870 fidem
471 1827 676 1874 tribuit,
731 1825 935 1875 reliqua
982 1824 1322 1863 divinationis
1383 1835 1575 1874 genera

249 1885 454 1927 reiecit.
513 1882 611 1921 Sed
642 1893 787 1933 quum
828 1880 997 1920 Stoici
1030 1881 1194 1919 omnia
1222 1879 1333 1918 fere
1362 1880 1458 1918 illa
1486 1880 1576 1919 de-

249 1941 549 1988 fenderent,
589 1938 719 1988 quod
759 1940 813 1977 et
848 1937 990 1975 Zeno
1029 1936 1079 1975 in
1119 1937 1226 1975 suis
1264 1940 1574 1975 commenta-

245 1999 348 2039 riis
387 1996 533 2047 quasi
569 1995 762 2033 semina
800 1992 1046 2043 quaedam
1096 1992 1386 2042 sparsisset
1423 1995 1471 2030 et
1515 2003 1573 2033 ea
1613 2024 1615 2027 ,

247 2052 529 2094 Cleanthes
558 2050 735 2101 paullo
766 2050 1011 2088 uberiora
1041 2047 1294 2095 fecisset3
1334 2048 1568 2088 accessit

245 2109 506 2150 acerrimo
534 2108 605 2145 vir
633 2106 864 2156 ingenio,
895 2104 979 2154 qui
1007 2107 1169 2143 totam
1198 2103 1256 2142 de
1286 2103 1568 2143 divinatio-
1592 2110 1611 2141 ²1.

175 2196 178 2208 .
244 2177 308 2206 ne
345 2164 546 2204 duobus
581 2163 736 2201 libris
776 2161 1068 2211 explicavit
1108 2160 1440 2208 sententiam,
1469 2171 1566 2199 uno

245 2225 528 2274 praeterea
565 2218 625 2256 de
664 2218 916 2264 oraculis,
946 2228 1038 2255 uno
1070 2215 1127 2254 de
1157 2216 1386 2254 somniis:
1418 2227 1563 2265 quem
1605 2220 1608 2246 ῑ

243 2277 570 2325 subsequens
608 2285 748 2312 uuum
783 2273 971 2311 librum
1006 2272 1327 2322 Babylonius
1371 2271 1564 2322 Dioge-
1603 2269 1607 2300 ἶ

242 2345 334 2374 nes
374 2331 543 2372 edidit
579 2330 689 2368 eius
719 2328 946 2376 auditor-3
975 2327 1068 2365 duo
1096 2328 1398 2378 Antipater3
1427 2328 1562 2377 quin-
1599 2327 1604 2372 ἑ

239 2400 338 2441 que
365 2390 546 2427 noster
570 2385 930 2426 Posidonius.“
985 2383 1095 2422 Idem
1124 2383 1170 2424 L.
1197 2384 1227 2423 1.
1246 2377 1324 2424 254.
1345 2384 1562 2423 memoriae
1597 2406 1602 2415 ι

238 2444 414 2498 prodidit
450 2441 554 2492 quod
582 2441 630 2479 ad
659 2446 834 2480 nostram
867 2452 953 2479 rem
980 2451 1187 2490 sanequam
1213 2438 1314 2477 facit
1341 2439 1563 2489 plurimum.
1598 2471 1607 2474 ,,

237 2501 488 2552 Antipatrum
525 2499 626 2536 enim
658 2497 897 2535 Tarsensem
932 2500 1066 2535 narrat
1093 2496 1235 2534 librum
1263 2495 1472 2545 scripsisse
1501 2495 1561 2535 de
1594 2491 1597 2524 ἶ

237 2557 343 2606 iis„
369 2566 495 2607 quae
532 2554 859 2593 mirabiliter
896 2564 919 2590 a
958 2551 1175 2590 Socrate
1212 2550 1443 2590 divinata
1482 2563 1560 2590 es·
1591 2546 1597 2595 ,’

238 2616 376 2654 sent.
440 2610 554 2662 Quod
591 2609 705 2659 quale
743 2611 1012 2659 argumentum
1045 2607 1249 2655 habuerit,
1277 2619 1326 2645 ex
1351 2607 1434 2646 illis
1461 2607 1560 2658 ipsis
1588 2605 1594 2674 ἱ

233 2667 460 2715 historiolis
486 2667 720 2720 perspicere
748 2665 868 2715 licet,
897 2675 993 2715 quas
1022 2664 1178 2704 Tullius
1206 2675 1257 2704 eo
1283 2662 1375 2703 loco
1402 2674 1592 2712 memo-3
