1624 2904
497 172 560 215 ΙΝ
595 171 905 216 RIVALES.
1286 174 1371 215 267

30 283 193 338 νήσεως
238 287 399 339 quidem
450 290 530 328 vim
570 289 748 341 scriptor
791 281 1060 345 σωφροσύνῃ
1102 288 1371 340 comprehen-

29 345 139 385 disse
165 343 293 384 videri
321 349 484 397 potest,
513 345 591 385 sed
615 345 895 386 fortitudinem
923 346 1042 384 animi
1073 346 1107 384 si
1138 346 1269 386 eidem
1296 359 1371 386 io-

28 402 105 441 luit
133 414 227 442 esse
258 402 507 450 subiectam,
534 407 650 443 certe
678 403 831 454 nullum
861 402 966 441 fecit
994 401 1114 441 huius
1143 404 1372 445 sententiae

25 458 238 499 indicium:
268 459 377 511 quod
404 459 596 512 profecto
625 472 675 500 eo
703 460 830 512 magis
848 459 1024 499 moleste
1045 454 1261 503 ferendum
1290 465 1370 510 est,

27 516 134 568 quod
166 521 349 556 extremo
379 529 566 557 sermone
599 517 889 570 philosophum
918 516 1039 556 etiam
1071 518 1267 568 optimum
1295 519 1370 558 im·

26 577 259 625 peratorem
298 573 390 613 fore
427 574 668 626 disputatur.
725 575 897 615 Etiamsi
924 575 1050 626 igitur
1078 587 1220 627 parum
1248 577 1370 615 robo-

27 631 84 670 ris
124 643 217 671 esse
254 643 422 670 censeas
461 631 501 671 in
540 632 644 681 illis,
685 645 787 683 quae
823 644 846 670 a
883 631 1110 673 disserendi
1151 632 1282 673 forma
1319 634 1369 672 ab

27 687 117 727 aliis
165 688 383 728 arcessitae
424 692 540 737 sunt,
591 688 928 738 dubitationibus,
968 693 1125 737 tamen,
1164 690 1242 730 nisi
1290 691 1371 729 ista

28 744 182 794 omnia,
233 757 336 796 quae
368 747 699 795 memoravimus,
741 746 889 787 nullius
928 746 1122 785 momenti
1162 759 1255 788 esse
1293 747 1370 786 de-

23 802 323 850 monstraveris,
352 802 458 842 fides
488 808 532 843 et
560 804 778 843 auctoritas
806 803 902 844 libri
924 815 1174 855 magnopere
1201 804 1364 844 labora-

22 859 97 902 bit.
153 859 244 899 Alia
274 861 395 900 etiam
424 851 612 912 tanquam
641 875 663 900 a
692 860 873 904 Platonis
911 861 1074 912 ingenio
1114 865 1158 900 et
1185 861 1369 903 doctrina

21 916 282 955 abhorrentia
317 922 555 957 notaverunt
606 917 1141 960 Schle1ermacherus
1193 918 1221 960 1.
1261 931 1295 959 c.
1326 932 1368 970 Ρ.

22 973 108 1012 279
125 986 213 1025 sqq.
242 973 426 1013 Astius
457 988 498 1026 p.
518 975 613 1015 497.
644 975 907 1019 Socherus
948 988 987 1026 p.
1021 974 1116 1014 129.
1158 988 1260 1027 quae
1298 976 1367 1026 qui

24 1042 115 1069 cum
153 1031 303 1070 nostris
342 1032 609 1080 contulerint,
638 1033 760 1071 facile
788 1031 1043 1083 intelligent,
1074 1033 1141 1083 qui
1171 1033 1261 1071 fieri
1290 1045 1365 1083 po-

23 1087 172 1136 tuerit,
207 1091 254 1126 ut
283 1087 361 1127 iam
402 1088 739 1142 Thrasyllus,
777 1090 838 1128 vir
876 1089 1051 1140 alioquin
1091 1090 1253 1129 minime
1293 1102 1365 1128 su-

24 1144 244 1196 spiciosus,
280 1148 391 1184 teste
421 1145 642 1186 Laiirtio
671 1146 742 1186 lx.
771 1146 841 1189 37.
869 1145 961 1184 libri
990 1145 1109 1184 fidem
1150 1150 1193 1185 et
1219 1150 1366 1186 aucto-

19 1202 183 1240 ritatem
220 1202 260 1240 in
290 1201 581 1242 dubitationem
612 1204 827 1244 vocaverit.
885 1202 971 1242 Nec
1010 1215 1235 1254 quenquam
1274 1203 1368 1242 fore

16 1270 252 1310 speramuS,
290 1260 357 1310 qui
396 1260 631 1311 ponderatis
671 1261 856 1301 omnibus
892 1260 1083 1308 νοθείας
1119 1261 1364 1313 argumentis

22 1328 110 1356 eam
138 1314 434 1357 defendendam
465 1318 671 1370 suscipiat.

724 1516 734 1536 k

417 1607 953 1652 Eni'rloNES.

133 1711 370 1751 Platonis
418 1710 634 1765 Dialogi
672 1715 914 1766 quinque.
973 1712 1167 1762 Erastae,
1204 1714 1364 1766 Euthy-

23 1769 141 1822 phro,
159 1769 358 1820 Apologia
379 1768 573 1818 Socratis,
593 1771 723 1819 Crito,
754 1769 935 1810 Phaedo.
992 1769 1217 1810 Recensuit
1235 1773 1364 1810 notis-

24 1839 103 1878 que
119 1826 332 1865 illustravit
347 1826 384 1865 N
396 1840 417 1864 a
430 1832 447 1865 t
457 1826 498 1868 h.
522 1827 556 1866 F
566 1840 589 1866 o
602 1841 623 1866 r
633 1841 652 1866 s
664 1832 681 1867 t
692 1841 716 1867 e
727 1841 778 1867 ru
790 1841 825 1869 s,
841 1827 951 1866 Edit.
974 1828 1162 1871 secunda.
1204 1828 1365 1877 oxonii,

24 1882 148 1924 1752.
175 1883 219 1925 8.
246 1884 335 1921 mai.
394 1883 579 1923 Subsidia
607 1886 749 1924 critica
778 1888 944 1936 praeter
972 1888 1133 1924 veteres
1164 1885 1363 1924 editiones

22 1939 242 1979 Forsterus
271 1940 412 1999 habuit
438 1940 568 1989 nulla3
597 1942 672 1981 sed
691 1943 818 1983 multa
829 1942 869 1981 in
889 1943 1213 1984 annotationibus
1238 1943 1362 1982 docte

24 2002 68 2038 et
96 2002 215 2036 acute
244 1997 443 2047 exposuit.

137 2053 199 2093 De
227 2051 471 2096 Knebelii
499 2051 678 2093 editione
706 2054 758 2093 ad
787 2054 996 2107 Theagem
1027 2055 1210 2097 diximus.

138 2110 359 2150 Praeterea
397 2110 652 2150 memoranda
692 2116 758 2151 est
806 2113 1091 2153 commentatio
1136 2113 1370 2163 Augusti

27 2166 203 2220 Magni
241 2166 371 2206 Kraf
379 2167 467 2206 tii:
506 2166 569 2206 De
609 2169 773 2209 notione
806 2169 1093 2221 philosophiae
1119 2170 1160 2208 in
1188 2169 1370 2209 Platonis

29 2223 186 2264 Erastis
214 2225 340 2265 obvia.
369 2223 533 2276 Lipsiae
561 2236 596 2265 a.
630 2225 751 2268 1786.
779 2225 821 2268 8.
846 2227 941 2269 min.
958 2256 969 2274 ,
999 2238 1101 2278 quae
1129 2227 1284 2278 paginis
1312 2225 1370 2264 28
1428 2230 1430 2232 ’

31 2282 251 2322 absolvitur
293 2285 336 2320 et
366 2285 529 2333 praeter
558 2281 858 2324 ohservationes
889 2283 1078 2335 quasdam
1107 2283 1159 2322 de
1187 2284 1369 2324 iustitiae

32 2342 77 2378 et
110 2339 404 2391 temperantiae
441 2338 673 2378 Platonicae
717 2341 755 2380 vi
793 2354 839 2380 ac
877 2345 1017 2380 natura
1055 2341 1217 2380 brevem
1257 2352 1369 2379 com-

32 2396 228 2448 plectitur
256 2395 405 2447 dialogi
435 2397 750 2447 enarrationem,
783 2411 859 2450 qua
888 2398 1068 2444 Krassius
1098 2397 1249 2437 docere
1279 2403 1368 2436 stu·

34 2453 144 2502 duit,
180 2458 367 2506 quantum
407 2452 598 2505 praesidii
633 2454 750 2494 Plato
787 2456 827 2494 in
856 2455 936 2494 hoc
964 2455 1068 2494 libro
1099 2455 1150 2494 ad
1179 2455 1369 2506 philoso-

35 2507 156 2562 phiae
201 2510 407 2550 notionem
453 2511 677 2551 accuratius
715 2512 988 2551 illustrandam
1042 2516 1085 2551 et
1132 2511 1369 2564 diligentius

36 2567 313 2664 expumssdamt
337 2567 535 2610 attulerit.
591 2567 674 2609 Sed
707 2582 754 2609 ea
778 2569 998 2623 disputatio
1026 2569 1180 2611 frustra
1210 2569 1370 2609 omuino

35 2636 180 2676 suscep
250 2637 294 2665 es
315 2654 326 2668 .
