1624 2904
329 164 414 203 21⁶
758 153 1176 203 PnonmoluaNa

324 323 325 326 Ἰ
441 271 583 324 Neque
627 269 731 310 enim
766 270 902 322 negari
939 274 1078 322 potest
1113 270 1257 312 multas
1293 272 1584 316 criminationes
1607 277 1624 318 l:

322 330 539 382 'Tlicagem
567 330 745 367 nostrum
774 328 975 366 coniectas
1005 341 1027 366 a
1059 328 1152 367 viris
1182 328 1421 369 doctissimis
1451 332 1623 373 subtilite

332 400 425 427 esse
461 384 669 424 refutatas.
733 383 926 433 Quocirca
965 388 1081 422 erunt
1110 384 1285 424 fortasse
1315 387 1380 437 qui
1407 391 1475 425 aut
1496 389 1621 440 reliqu

331 441 593 482 accusationis
621 438 750 490 capita
777 439 891 478 nihili
931 438 1112 479 facienda
1142 452 1234 479 esse
1263 441 1338 480 sibi
1370 439 1624 493 persuadeant

331 503 400 538 aut
427 497 554 538 omnia
593 495 781 534 exhausta
810 495 1076 543 arbitrentur,
1115 508 1215 547 quae
1244 502 1381 536 contra
1409 498 1501 537 libri
1527 500 1624 553 fider]

330 555 410 594 dici
447 552 699 606 proferrique
738 550 907 602 possint.
970 551 1006 590 A
1044 564 1209 602 quorum
1250 552 1395 597 iudicio
1423 567 1488 593 me
1515 555 1621 596 fateo

329 611 560 662 longissime
595 606 815 648 discedere.
884 605 1024 658 Neque
1062 609 1165 646 enim
1202 609 1237 647 si
1266 610 1352 659 quis
1390 622 1505 661 quem
1534 610 1624 663 cupi

330 667 419 706 dius
456 668 524 704 aut
560 665 688 702 acrius
728 663 946 700 insectatus
986 667 1073 711 est,
1119 676 1232 714 quam
1275 665 1336 703 ius
1377 670 1419 704 et
1469 668 1622 718 aequita

329 723 517 776 patiatur,
538 720 731 758 ‘continuo
760 718 912 768 reliqua
940 719 1101 757 crimina
1131 721 1257 758 omnia
1278 732 1350 771 pro
1367 722 1475 760 vanis
1496 727 1538 761 et
1565 723 1624 763 ina

331 780 446 819 nibus
475 775 652 815 habenda
685 779 818 812 erunt:
849 778 893 812 et
920 773 1010 812 fieri
1038 774 1142 813 haud
1169 788 1259 814 raro
1292 777 1411 826 solet,
1440 781 1486 816 ut
1528 791 1624 829 quun

328 836 497 888 primum
524 831 723 871 accusatio
751 831 878 880 aliqua
907 828 1058 869 frustra
1087 836 1272 882 suscepta
1300 834 1366 881 sit,
1398 838 1482 872 tum
1509 835 1624 875 eaden

328 891 501 941 repetita
528 898 723 939 prospero
751 890 894 924 eventu
923 898 1001 925 non
1030 886 1281 928 destituatur.
1340 890 1476 939 Itaque
1493 895 1624 930 uttan

327 947 420 986 dem
447 943 654 995 aliquando
684 943 733 981 lis
762 946 1040 992 componatur,
1069 943 1201 993 placet
1232 947 1359 982 totam
1389 957 1544 984 causam
1572 947 1624 985 de·

327 1015 407 1043 nuo
446 1011 689 1051 cognoscere
729 1002 772 1036 et
809 1011 880 1036 cur
908 1011 1005 1037 reus
1029 1011 1107 1037 non
1137 999 1418 1048 absolvendus,
1447 1001 1521 1040 sed
1551 1014 1624 1044 con

327 1056 568 1099 damnandus
596 1055 797 1103 videatur,
826 1066 940 1105 quam
969 1054 1186 1094 clarissime
1216 1068 1429 1107 exponere.

434 1135 613 1185 Quatuor
648 1135 782 1174 autem
820 1136 912 1178 sunt
949 1145 1096 1184 genera
1143 1137 1463 1184 argumentorum
1505 1135 1624 1185 quibu

328 1203 417 1231 mea
446 1190 643 1230 sententia
679 1187 805 1226 libelli
840 1188 940 1226 fides
969 1200 1046 1227 non
1083 1188 1200 1227 modo
1229 1195 1416 1239 suspecta
1443 1191 1624 1230 reddatur

327 1247 400 1287 sed
434 1246 613 1285 funditus
650 1243 844 1282 deleatur.
910 1244 1083 1283 Primum
1122 1245 1225 1283 enim
1251 1245 1380 1295 ipsum
1412 1247 1495 1285 eius
1523 1259 1624 1298 argu·

326 1307 504 1343 mentum
525 1306 567 1340 et
594 1300 842 1352 propositum
869 1300 927 1338 ita
954 1305 1224 1351 comparatum
1253 1305 1328 1348 est,
1357 1305 1402 1340 ut
1422 1303 1482 1340 vix
1510 1303 1624 1342 credi·

324 1359 407 1399 bile
437 1359 491 1398 sit
516 1358 557 1396 id
586 1370 608 1395 a
639 1356 802 1394 Platone
832 1367 925 1394 esse
954 1358 1230 1407 excogitatum.
1286 1357 1440 1398 Deinde
1469 1360 1624 1410 permut

322 1419 367 1455 ta
396 1426 562 1466 prorsus
590 1412 760 1451 absurde
788 1414 830 1449 et
858 1416 995 1451 contra
1024 1413 1199 1452 Platonis
1226 1414 1624 1467 rationemdisserun

322 1476 404 1513 tur.
468 1469 560 1509 Huc
596 1468 789 1507 accedunt
822 1480 964 1518 pravae
993 1469 1225 1509 imitationis
1255 1472 1449 1522 vestigia,
1480 1485 1579 1523 quae
1607 1485 1624 1523 ⁸1

319 1527 385 1565 vel
423 1526 509 1566 sola
546 1524 923 1573 animadvertantur,
961 1525 1176 1576 legentium
1215 1527 1352 1566 animis
1382 1528 1618 1580 possintal‘,

319 1581 415 1635 quid
443 1581 619 1634 scrupuli
653 1581 830 1619 iniicere.
887 1581 1068 1633 Denique
1097 1583 1352 1633 reperiuntur
1387 1584 1617 1634 loquution

320 1639 511 1690 quaedam
544 1642 665 1688 atque
703 1637 899 1674 formulae
938 1637 1113 1684 dicendi,
1153 1651 1252 1688 quae
1288 1639 1351 1676 vel
1379 1651 1400 1676 a
1429 1639 1624 1696 Platonicq

316 1707 503 1734 sermone
530 1694 769 1733 abhorreant
796 1692 857 1729 vel
888 1694 1043 1731 omnino
1073 1693 1228 1731 Graece
1253 1692 1497 1743 loquentium
1537 1704 1624 1735 con'

317 1750 541 1797 suetudini,
580 1749 705 1800 qualis
741 1748 917 1786 Platonis
955 1752 1085 1786 aetate
1125 1754 1167 1787 et
1202 1749 1335 1799 paullo
1371 1756 1466 1801 post
1499 1708 1624 1883 viguit³

316 1807 575 1844 vehementer
609 1804 879 1842 adversentur.
942 1803 1001 1842 De
1040 1805 1179 1855 quibus
1207 1805 1327 1844 rebus
1356 1808 1535 1854 omnibus
1565 1820 1611 1853 or,

315 1861 407 1902 dine
436 1861 623 1911 deinceps
652 1872 851 1910 exponere
881 1861 1121 1902 conabimur.
1209 1859 1211 1861 ’
1613 1863 1621 1918 l,

423 1939 480 1979 Et
515 1938 566 1977 de
603 1939 733 1989 primo
771 1937 928 1989 quidem
970 1942 1013 1976 et
1052 1938 1240 1988 secundo,
1270 1952 1386 1991 quem
1414 1939 1624 1992 posuimus&

309 1996 401 2035 loco
445 2007 523 2045 quo
561 1994 717 2032 facilius
753 1995 800 2032 ab
838 1994 1017 2032 omnibus
1063 1995 1226 2034 iudicari
1263 1997 1432 2047 possit,
1460 1998 1624 2038 univer÷

310 2052 505 2091 sermonis
532 2054 803 2100 argumentum
832 2051 965 2100 paucis
992 2050 1224 2090 adumbrare
1251 2052 1406 2102 placet:
1444 2064 1521 2102 quo
1561 2043 1624 2100 eid

309 2108 457 2159 plicato
497 2110 540 2145 et
578 2119 771 2144 summum
806 2106 1015 2156 scriptoris
1051 2108 1276 2156 consilium,
1322 2112 1364 2146 et
1407 2104 1587 2160 disseren

307 2164 411 2202 ratio
443 2175 582 2214 magna
619 2162 760 2200 saltem
800 2173 847 2199 ex
874 2166 989 2212 parte
1016 2169 1281 2214 cognoscetur
1309 2167 1352 2202 et
1378 2162 1564 2203 iudicabit

416 2227 604 2267 Habitum
671 2229 834 2278 fingitur
888 2228 1129 2278 colloquium
1177 2229 1285 2267 inter
1337 2220 1624 2462 Demodocuffls

306 2283 513 2335 Theagem
553 2288 672 2335 atque
711 2284 929 2322 Socratem.
994 2283 1050 2322 Et
1077 2283 1327 2323 Demodocus
1358 2287 1514 2337 quidem
1545 2300 1568 2338 q
1589 2291 1621 2338 ἰ

303 2344 487 2391 tempore
524 2340 590 2378 hic
628 2352 759 2378 sermo
797 2340 1040 2387 instituitur,
1086 2341 1169 2378 ruri
1219 2340 1377 2391 degisse
1424 2347 1592 2395 narratu
1618 2371 1624 2390 :-

302 2395 397 2451 olim
435 2396 595 2434 summis
629 2396 670 2433 in
709 2397 913 2445 republica
948 2395 1164 2434 honoribus
1200 2395 1363 2435 functus
1390 2409 1423 2437 V.
1454 2411 1493 2448 p.
1525 2389 1597 2436 1:2¹

300 2451 351 2499 Ε.
408 2452 446 2490 Is
484 2452 607 2489 filium
647 2451 785 2490 habuit
822 2450 1048 2502 Theagem',
1083 2451 1133 2489 de
1168 2464 1244 2501 quo
1282 2456 1462 2490 narratur
1489 2443 1622 2547 Reigsst

290 2506 369 2550 Vl.
398 2521 433 2558 p:
466 2509 560 2548 496.
590 2507 635 2547 B.
665 2512 706 2546 et
734 2507 904 2558 Apolog.
934 2507 1045 2548 Socr.
1074 2519 1112 2558 p.
1144 2508 1210 2545 38.
1239 2508 1286 2548 E.
1344 2509 1483 2547 Altero
1511 2506 1616 2573 cusq„

299 2562 390 2602 loco
419 2564 561 2601 diff-ur
589 2563 867 2614 philosophiae
895 2562 1040 2608 studio,
1069 2562 1118 2600 ad
1146 2563 1249 2612 quod
1277 2569 1412 2602 natura
1432 2577 1520 2602 eum
1540 2565 1617 2606 flns.

299 2619 405 2657 xerit
440 2633 473 2664 a,
495 2619 711 2667 tissimum,
750 2631 845 2670 prae
883 2618 1042 2656 iuvenili
1071 2615 1241 2667 quadam¹
1263 2620 1475 2658 ambitione
1502 2620 1597 2672 valer

294 2674 474 2714 dicturus
503 2675 653 2724 fuisse,
675 2676 751 2715 nisi
778 2675 931 2713 infirma
957 2673 1140 2713 valetudo
1169 2686 1259 2713 eum
1288 2680 1472 2727 tanquam
1493 2674 1618 2729 treug

1593 2859 1612 2904 ιι»
