<?xml version="1.0" encoding="UTF-8"?>
<!DOCTYPE html PUBLIC "-//W3C//DTD XHTML 1.0 Transitional//EN"
    "http://www.w3.org/TR/xhtml1/DTD/xhtml1-transitional.dtd">
<html xmlns="http://www.w3.org/1999/xhtml" xml:lang="en" lang="en">
 <head>
  <title>
</title>
<meta http-equiv="Content-Type" content="text/html;charset=utf-8" />
  <meta name='ocr-system' content='tesseract 3.04.00' />
  <meta name='ocr-capabilities' content='ocr_page ocr_carea ocr_par ocr_line ocrx_word'/>
</head>
<body>
  <div class='ocr_page' id='page_1' title='image "./operaomniarecens06platuoft_0018.png"; bbox 0 0 1624 2904; ppageno 0'>
   <div class='ocr_carea' id='block_1_1' title="bbox 241 159 1103 212">
    <p class='ocr_par' dir='ltr' id='par_1_1' title="bbox 241 159 1103 212">
     <span class='ocr_line' id='line_1_1' title="bbox 241 159 1103 212; baseline -0.002 -5"><span class='ocrx_word' id='word_1_1' title='bbox 241 161 298 212; x_wconf 67' lang='lat'><strong>18</strong></span> <span class='ocrx_word' id='word_1_2' title='bbox 536 184 539 186; x_wconf 47' lang='grc'><strong>“</strong></span> <span class='ocrx_word' id='word_1_3' title='bbox 700 159 1103 208; x_wconf 81' lang='lat' dir='ltr'><strong>DISPUTATlo</strong></span> 
     </span>
    </p>
   </div>
   <div class='ocr_carea' id='block_1_2' title="bbox 222 275 1565 2446">
    <p class='ocr_par' dir='ltr' id='par_1_2' title="bbox 222 275 1565 2446">
     <span class='ocr_line' id='line_1_2' title="bbox 242 275 1555 329; baseline 0.007 -20"><span class='ocrx_word' id='word_1_4' title='bbox 242 275 372 318; x_wconf 74' lang='lat' dir='ltr'><strong>vnlouis</strong></span> <span class='ocrx_word' id='word_1_5' title='bbox 418 284 557 314; x_wconf 79' lang='lat' dir='ltr'><strong>errore</strong></span> <span class='ocrx_word' id='word_1_6' title='bbox 593 275 741 314; x_wconf 76' lang='lat' dir='ltr'><strong>versari</strong></span> <span class='ocrx_word' id='word_1_7' title='bbox 784 275 1030 319; x_wconf 81' lang='lat' dir='ltr'><strong>existimandi</strong></span> <span class='ocrx_word' id='word_1_8' title='bbox 1075 280 1181 319; x_wconf 83' lang='lat' dir='ltr'><strong>sunt.</strong></span> <span class='ocrx_word' id='word_1_9' title='bbox 1239 277 1399 316; x_wconf 84' lang='lat' dir='ltr'><strong>Etenim</strong></span> <span class='ocrx_word' id='word_1_10' title='bbox 1446 282 1555 329; x_wconf 79' lang='lat' dir='ltr'><strong>teste</strong></span> 
     </span>
     <span class='ocr_line' id='line_1_3' title="bbox 243 330 1555 382; baseline 0 -10"><span class='ocrx_word' id='word_1_11' title='bbox 243 331 457 379; x_wconf 75' lang='lat' dir='ltr'><strong>Heraclide</strong></span> <span class='ocrx_word' id='word_1_12' title='bbox 485 330 650 369; x_wconf 87' lang='lat' dir='ltr'><strong>Pontico</strong></span> <span class='ocrx_word' id='word_1_13' title='bbox 679 330 781 382; x_wconf 87' lang='lat' dir='ltr'><strong>apud</strong></span> <span class='ocrx_word' id='word_1_14' title='bbox 811 332 1019 382; x_wconf 84' lang='lat' dir='ltr'><strong>Diogen.</strong></span> <span class='ocrx_word' id='word_1_15' title='bbox 1048 332 1222 374; x_wconf 77' lang='lat' dir='ltr'><strong>Laert.</strong></span> <span class='ocrx_word' id='word_1_16' title='bbox 1250 332 1318 374; x_wconf 75' lang='lat' dir='ltr'><strong>lx,</strong></span> <span class='ocrx_word' id='word_1_17' title='bbox 1347 334 1415 375; x_wconf 77' lang='lat'><strong>50.</strong></span> <span class='ocrx_word' id='word_1_18' title='bbox 1454 335 1555 373; x_wconf 86' lang='lat' dir='ltr'><strong>Pro-</strong></span> 
     </span>
     <span class='ocr_line' id='line_1_4' title="bbox 243 386 1554 445; baseline 0.001 -19"><span class='ocrx_word' id='word_1_19' title='bbox 243 393 402 445; x_wconf 78' lang='lat' dir='ltr'><strong>tagoras</strong></span> <span class='ocrx_word' id='word_1_20' title='bbox 437 386 678 426; x_wconf 87' lang='lat' dir='ltr'><strong>Thuriorum</strong></span> <span class='ocrx_word' id='word_1_21' title='bbox 713 388 890 428; x_wconf 82' lang='lat' dir='ltr'><strong>coloniae</strong></span> <span class='ocrx_word' id='word_1_22' title='bbox 929 388 1086 439; x_wconf 78' lang='lat' dir='ltr'><strong>Olymp.</strong></span> <span class='ocrx_word' id='word_1_23' title='bbox 1127 389 1194 426; x_wconf 69' lang='lat'><strong>84.</strong></span> <span class='ocrx_word' id='word_1_24' title='bbox 1238 389 1278 430; x_wconf 82' lang='lat'><strong>2.</strong></span> <span class='ocrx_word' id='word_1_25' title='bbox 1317 401 1349 429; x_wconf 83' lang='lat' dir='ltr'><strong>s.</strong></span> <span class='ocrx_word' id='word_1_26' title='bbox 1377 402 1411 430; x_wconf 85' lang='lat' dir='ltr'><strong>a.</strong></span> <span class='ocrx_word' id='word_1_27' title='bbox 1456 391 1554 430; x_wconf 68' lang='lat'><strong>4423.</strong></span> 
     </span>
     <span class='ocr_line' id='line_1_5' title="bbox 243 442 1557 495; baseline 0 -12"><span class='ocrx_word' id='word_1_28' title='bbox 243 449 335 487; x_wconf 82' lang='lat' dir='ltr'><strong>ante</strong></span> <span class='ocrx_word' id='word_1_29' title='bbox 364 442 459 484; x_wconf 79' lang='lat' dir='ltr'><strong>Chr.</strong></span> <span class='ocrx_word' id='word_1_30' title='bbox 486 447 620 482; x_wconf 87' lang='lat' dir='ltr'><strong>natum</strong></span> <span class='ocrx_word' id='word_1_31' title='bbox 649 443 830 482; x_wconf 82' lang='lat' dir='ltr'><strong>conditae</strong></span> <span class='ocrx_word' id='word_1_32' title='bbox 860 444 969 493; x_wconf 76' lang='lat' dir='ltr'><strong>leges</strong></span> <span class='ocrx_word' id='word_1_33' title='bbox 988 445 1149 495; x_wconf 80' lang='lat' dir='ltr'><strong>scripsit</strong></span> <span class='ocrx_word' id='word_1_34' title='bbox 1177 444 1347 494; x_wconf 85' lang='lat' dir='ltr'><strong>ideoque</strong></span> <span class='ocrx_word' id='word_1_35' title='bbox 1375 445 1457 484; x_wconf 90' lang='lat' dir='ltr'><strong>illic</strong></span> <span class='ocrx_word' id='word_1_36' title='bbox 1486 446 1557 483; x_wconf 89' lang='lat' dir='ltr'><strong>ali-</strong></span> 
     </span>
     <span class='ocr_line' id='line_1_6' title="bbox 243 499 1558 551; baseline 0.001 -13"><span class='ocrx_word' id='word_1_37' title='bbox 243 499 427 551; x_wconf 78' lang='lat' dir='ltr'><strong>quamdiu</strong></span> <span class='ocrx_word' id='word_1_38' title='bbox 451 503 713 544; x_wconf 79' lang='lat' dir='ltr'><strong>commoratus</strong></span> <span class='ocrx_word' id='word_1_39' title='bbox 742 512 832 538; x_wconf 82' lang='lat' dir='ltr'><strong>esse</strong></span> <span class='ocrx_word' id='word_1_40' title='bbox 850 500 1015 539; x_wconf 68' lang='lat' dir='ltr'><strong>ridetur.</strong></span> <span class='ocrx_word' id='word_1_41' title='bbox 1074 501 1196 539; x_wconf 81' lang='lat' dir='ltr'>Certe</span> <span class='ocrx_word' id='word_1_42' title='bbox 1226 501 1382 549; x_wconf 85' lang='lat' dir='ltr'><strong>quidem</strong></span> <span class='ocrx_word' id='word_1_43' title='bbox 1411 515 1433 538; x_wconf 85' lang='lat' dir='ltr'><strong>a</strong></span> <span class='ocrx_word' id='word_1_44' title='bbox 1462 501 1558 539; x_wconf 88' lang='lat' dir='ltr'><strong>Pla-</strong></span> 
     </span>
     <span class='ocr_line' id='line_1_7' title="bbox 243 554 1558 606; baseline 0.001 -11"><span class='ocrx_word' id='word_1_45' title='bbox 243 560 337 595; x_wconf 89' lang='lat' dir='ltr'><strong>tone</strong></span> <span class='ocrx_word' id='word_1_46' title='bbox 372 554 495 606; x_wconf 83' lang='lat' dir='ltr'><strong>Hipp.</strong></span> <span class='ocrx_word' id='word_1_47' title='bbox 521 555 620 599; x_wconf 79' lang='lat' dir='ltr'><strong>mai.</strong></span> <span class='ocrx_word' id='word_1_48' title='bbox 658 567 697 606; x_wconf 89' lang='lat' dir='ltr'><strong>p.</strong></span> <span class='ocrx_word' id='word_1_49' title='bbox 737 556 830 593; x_wconf 59' lang='lat'><strong>281.</strong></span> <span class='ocrx_word' id='word_1_50' title='bbox 861 555 906 594; x_wconf 88' lang='lat' dir='ltr'><strong>D.</strong></span> <span class='ocrx_word' id='word_1_51' title='bbox 938 556 982 596; x_wconf 71' lang='lat'><strong>1⁴1.</strong></span> <span class='ocrx_word' id='word_1_52' title='bbox 1019 560 1199 594; x_wconf 79' lang='lat' dir='ltr'><strong>narratur</strong></span> <span class='ocrx_word' id='word_1_53' title='bbox 1233 558 1271 594; x_wconf 92' lang='lat' dir='ltr'><strong>in</strong></span> <span class='ocrx_word' id='word_1_54' title='bbox 1301 556 1434 594; x_wconf 87' lang='lat' dir='ltr'><strong>Sicilia</strong></span> <span class='ocrx_word' id='word_1_55' title='bbox 1465 570 1558 596; x_wconf 87' lang='lat' dir='ltr'><strong>esse</strong></span> 
     </span>
     <span class='ocr_line' id='line_1_8' title="bbox 242 611 1559 662; baseline 0.002 -13"><span class='ocrx_word' id='word_1_56' title='bbox 242 614 423 650; x_wconf 70' lang='lat' dir='ltr'><strong>vorsatus</strong></span> <span class='ocrx_word' id='word_1_57' title='bbox 451 611 584 662; x_wconf 81' lang='lat' dir='ltr'><strong>ibique</strong></span> <span class='ocrx_word' id='word_1_58' title='bbox 612 623 699 649; x_wconf 88' lang='lat' dir='ltr'><strong>cum</strong></span> <span class='ocrx_word' id='word_1_59' title='bbox 729 611 875 662; x_wconf 86' lang='lat' dir='ltr'><strong>Hippia</strong></span> <span class='ocrx_word' id='word_1_60' title='bbox 895 617 1022 650; x_wconf 82' lang='lat' dir='ltr'><strong>artem</strong></span> <span class='ocrx_word' id='word_1_61' title='bbox 1051 612 1308 662; x_wconf 73' lang='lat' dir='ltr'><strong>sophisticam</strong></span> <span class='ocrx_word' id='word_1_62' title='bbox 1338 611 1559 655; x_wconf 83' lang='lat' dir='ltr'><strong>factitasse.</strong></span> 
     </span>
     <span class='ocr_line' id='line_1_9' title="bbox 242 666 1554 717; baseline 0.001 -12"><span class='ocrx_word' id='word_1_63' title='bbox 242 667 438 717; x_wconf 75' lang='lat' dir='ltr'><strong>Quocirca</strong></span> <span class='ocrx_word' id='word_1_64' title='bbox 452 666 557 704; x_wconf 83' lang='lat' dir='ltr'><strong>baud</strong></span> <span class='ocrx_word' id='word_1_65' title='bbox 575 666 743 706; x_wconf 78' lang='lat' dir='ltr'><strong>absurde</strong></span> <span class='ocrx_word' id='word_1_66' title='bbox 773 668 971 708; x_wconf 78' lang='lat' dir='ltr'><strong>coniicerc</strong></span> <span class='ocrx_word' id='word_1_67' title='bbox 999 668 1136 705; x_wconf 83' lang='lat' dir='ltr'><strong>licebit</strong></span> <span class='ocrx_word' id='word_1_68' title='bbox 1165 667 1286 705; x_wconf 81' lang='lat' dir='ltr'><strong>Chios</strong></span> <span class='ocrx_word' id='word_1_69' title='bbox 1314 668 1413 705; x_wconf 77' lang='lat' dir='ltr'><strong>istos</strong></span> <span class='ocrx_word' id='word_1_70' title='bbox 1444 669 1554 706; x_wconf 88' lang='lat' dir='ltr'><strong>colo-</strong></span> 
     </span>
     <span class='ocr_line' id='line_1_10' title="bbox 243 722 1562 773; baseline 0 -11"><span class='ocrx_word' id='word_1_71' title='bbox 243 734 315 762; x_wconf 89' lang='lat' dir='ltr'><strong>nos</strong></span> <span class='ocrx_word' id='word_1_72' title='bbox 343 722 399 761; x_wconf 89' lang='lat' dir='ltr'><strong>ibi</strong></span> <span class='ocrx_word' id='word_1_73' title='bbox 426 722 465 761; x_wconf 89' lang='lat' dir='ltr'><strong>in</strong></span> <span class='ocrx_word' id='word_1_74' title='bbox 493 723 723 761; x_wconf 88' lang='lat' dir='ltr'><strong>interiorem</strong></span> <span class='ocrx_word' id='word_1_75' title='bbox 754 724 941 773; x_wconf 83' lang='lat' dir='ltr'><strong>quandam</strong></span> <span class='ocrx_word' id='word_1_76' title='bbox 972 724 1177 773; x_wconf 72' lang='lat' dir='ltr'><strong>sophistae</strong></span> <span class='ocrx_word' id='word_1_77' title='bbox 1207 724 1456 761; x_wconf 81' lang='lat' dir='ltr'><strong>celeberrimi</strong></span> <span class='ocrx_word' id='word_1_78' title='bbox 1486 736 1562 762; x_wconf 87' lang='lat' dir='ltr'><strong>no-</strong></span> 
     </span>
     <span class='ocr_line' id='line_1_11' title="bbox 242 777 1563 830; baseline -0.001 -12"><span class='ocrx_word' id='word_1_79' title='bbox 242 779 369 818; x_wconf 79' lang='lat' dir='ltr'><strong>titiam</strong></span> <span class='ocrx_word' id='word_1_80' title='bbox 407 781 451 816; x_wconf 88' lang='lat' dir='ltr'><strong>et</strong></span> <span class='ocrx_word' id='word_1_81' title='bbox 475 777 784 817; x_wconf 76' lang='lat' dir='ltr'><strong>familiaritatem</strong></span> <span class='ocrx_word' id='word_1_82' title='bbox 826 779 1058 829; x_wconf 75' lang='lat' dir='ltr'><strong>pervenisse</strong></span> <span class='ocrx_word' id='word_1_83' title='bbox 1085 784 1206 828; x_wconf 85' lang='lat' dir='ltr'><strong>atque</strong></span> <span class='ocrx_word' id='word_1_84' title='bbox 1235 783 1375 829; x_wconf 71' lang='lat' dir='ltr'><strong>posu-a</strong></span> <span class='ocrx_word' id='word_1_85' title='bbox 1403 784 1563 830; x_wconf 86' lang='lat' dir='ltr'><strong>tempo-</strong></span> 
     </span>
     <span class='ocr_line' id='line_1_12' title="bbox 242 834 1562 885; baseline 0.001 -13"><span class='ocrx_word' id='word_1_86' title='bbox 242 834 298 873; x_wconf 85' lang='lat' dir='ltr'><strong>ris</strong></span> <span class='ocrx_word' id='word_1_87' title='bbox 330 834 546 873; x_wconf 84' lang='lat' dir='ltr'><strong>revertisse</strong></span> <span class='ocrx_word' id='word_1_88' title='bbox 573 834 749 873; x_wconf 82' lang='lat' dir='ltr'><strong>Athenas</strong></span> <span class='ocrx_word' id='word_1_89' title='bbox 794 836 927 885; x_wconf 86' lang='lat' dir='ltr'><strong>ibique</strong></span> <span class='ocrx_word' id='word_1_90' title='bbox 968 835 1017 872; x_wconf 89' lang='lat' dir='ltr'><strong>ad</strong></span> <span class='ocrx_word' id='word_1_91' title='bbox 1056 835 1161 873; x_wconf 82' lang='lat' dir='ltr'><strong>illius</strong></span> <span class='ocrx_word' id='word_1_92' title='bbox 1205 835 1426 884; x_wconf 82' lang='lat' dir='ltr'><strong>exemplum</strong></span> <span class='ocrx_word' id='word_1_93' title='bbox 1453 844 1562 873; x_wconf 73' lang='lat' dir='ltr'><strong>‘sese</strong></span> 
     </span>
     <span class='ocr_line' id='line_1_13' title="bbox 222 889 1561 940; baseline 0 -12"><span class='ocrx_word' id='word_1_94' title='bbox 222 893 531 940; x_wconf 40' lang='lat' dir='ltr'><strong>*componentes</strong></span> <span class='ocrx_word' id='word_1_95' title='bbox 561 889 790 929; x_wconf 81' lang='lat' dir='ltr'><strong>dialecticae</strong></span> <span class='ocrx_word' id='word_1_96' title='bbox 823 891 886 930; x_wconf 82' lang='lat' dir='ltr'><strong>vel</strong></span> <span class='ocrx_word' id='word_1_97' title='bbox 922 891 1055 940; x_wconf 88' lang='lat' dir='ltr'><strong>potins</strong></span> <span class='ocrx_word' id='word_1_98' title='bbox 1084 891 1268 928; x_wconf 80' lang='lat' dir='ltr'><strong>eristicae</strong></span> <span class='ocrx_word' id='word_1_99' title='bbox 1298 903 1458 940; x_wconf 79' lang='lat' dir='ltr'><strong>operam</strong></span> <span class='ocrx_word' id='word_1_100' title='bbox 1494 904 1561 928; x_wconf 83' lang='lat' dir='ltr'><strong>na-</strong></span> 
     </span>
     <span class='ocr_line' id='line_1_14' title="bbox 244 943 1564 999; baseline 0 -15"><span class='ocrx_word' id='word_1_101' title='bbox 244 946 396 985; x_wconf 81' lang='lat' dir='ltr'><strong>vavisse</strong></span> <span class='ocrx_word' id='word_1_102' title='bbox 423 943 479 999; x_wconf 90' lang='lat'><strong>*).</strong></span> <span class='ocrx_word' id='word_1_103' title='bbox 537 946 651 995; x_wconf 75' lang='lat' dir='ltr'><strong>Quod</strong></span> <span class='ocrx_word' id='word_1_104' title='bbox 690 958 767 996; x_wconf 89' lang='lat' dir='ltr'><strong>quo</strong></span> <span class='ocrx_word' id='word_1_105' title='bbox 805 950 990 996; x_wconf 87' lang='lat' dir='ltr'><strong>tempore</strong></span> <span class='ocrx_word' id='word_1_106' title='bbox 1026 947 1228 994; x_wconf 74' lang='lat' dir='ltr'><strong>evenerit,</strong></span> <span class='ocrx_word' id='word_1_107' title='bbox 1267 951 1378 983; x_wconf 84' lang='lat' dir='ltr'><strong>certo</strong></span> <span class='ocrx_word' id='word_1_108' title='bbox 1409 946 1564 985; x_wconf 83' lang='lat' dir='ltr'><strong>definiri</strong></span> 
     </span>
     <span class='ocr_line' id='line_1_15' title="bbox 246 1001 1563 1052; baseline 0.002 -13"><span class='ocrx_word' id='word_1_109' title='bbox 246 1012 325 1040; x_wconf 89' lang='lat' dir='ltr'><strong>non</strong></span> <span class='ocrx_word' id='word_1_110' title='bbox 360 1003 522 1052; x_wconf 85' lang='lat' dir='ltr'><strong>potest,</strong></span> <span class='ocrx_word' id='word_1_111' title='bbox 566 1001 760 1052; x_wconf 82' lang='lat' dir='ltr'><strong>siquidem</strong></span> <span class='ocrx_word' id='word_1_112' title='bbox 807 1002 1290 1040; x_wconf 86' lang='lat' dir='ltr'><strong>Schleiermacberi</strong></span> <span class='ocrx_word' id='word_1_113' title='bbox 1337 1003 1563 1041; x_wconf 83' lang='lat' dir='ltr'><strong>coniectura</strong></span> 
     </span>
     <span class='ocr_line' id='line_1_16' title="bbox 246 1056 1564 1108; baseline 0 -13"><span class='ocrx_word' id='word_1_114' title='bbox 246 1057 296 1095; x_wconf 85' lang='lat' dir='ltr'><strong>ad</strong></span> <span class='ocrx_word' id='word_1_115' title='bbox 323 1056 453 1096; x_wconf 88' lang='lat' dir='ltr'><strong>locum</strong></span> <span class='ocrx_word' id='word_1_116' title='bbox 482 1069 522 1108; x_wconf 85' lang='lat' dir='ltr'><strong>p.</strong></span> <span class='ocrx_word' id='word_1_117' title='bbox 552 1056 647 1098; x_wconf 75' lang='lat'><strong>271.</strong></span> <span class='ocrx_word' id='word_1_118' title='bbox 675 1057 725 1095; x_wconf 90' lang='lat' dir='ltr'><strong>de</strong></span> <span class='ocrx_word' id='word_1_119' title='bbox 754 1057 849 1108; x_wconf 86' lang='lat' dir='ltr'><strong>fuga</strong></span> <span class='ocrx_word' id='word_1_120' title='bbox 889 1068 1026 1096; x_wconf 89' lang='lat' dir='ltr'><strong>eorum</strong></span> <span class='ocrx_word' id='word_1_121' title='bbox 1057 1057 1215 1107; x_wconf 82' lang='lat' dir='ltr'><strong>prodita</strong></span> <span class='ocrx_word' id='word_1_122' title='bbox 1242 1058 1394 1095; x_wconf 88' lang='lat' dir='ltr'><strong>incerto</strong></span> <span class='ocrx_word' id='word_1_123' title='bbox 1425 1059 1564 1095; x_wconf 89' lang='lat' dir='ltr'><strong>nititur</strong></span> 
     </span>
     <span class='ocr_line' id='line_1_17' title="bbox 246 1112 1563 1163; baseline 0.001 -13"><span class='ocrx_word' id='word_1_124' title='bbox 246 1112 516 1160; x_wconf 83' lang='lat' dir='ltr'><strong>fundamento,</strong></span> <span class='ocrx_word' id='word_1_125' title='bbox 543 1112 584 1151; x_wconf 91' lang='lat' dir='ltr'><strong>id</strong></span> <span class='ocrx_word' id='word_1_126' title='bbox 602 1113 704 1163; x_wconf 87' lang='lat' dir='ltr'><strong>quod</strong></span> <span class='ocrx_word' id='word_1_127' title='bbox 725 1125 796 1151; x_wconf 85' lang='lat' dir='ltr'><strong>suo</strong></span> <span class='ocrx_word' id='word_1_128' title='bbox 818 1114 907 1151; x_wconf 92' lang='lat' dir='ltr'><strong>loco</strong></span> <span class='ocrx_word' id='word_1_129' title='bbox 934 1112 1176 1151; x_wconf 85' lang='lat' dir='ltr'><strong>docebimus.</strong></span> <span class='ocrx_word' id='word_1_130' title='bbox 1234 1112 1314 1150; x_wconf 88' lang='lat' dir='ltr'><strong>Sed</strong></span> <span class='ocrx_word' id='word_1_131' title='bbox 1343 1114 1416 1151; x_wconf 84' lang='lat' dir='ltr'><strong>alia</strong></span> <span class='ocrx_word' id='word_1_132' title='bbox 1445 1115 1563 1152; x_wconf 89' lang='lat' dir='ltr'><strong>etiam</strong></span> 
     </span>
     <span class='ocr_line' id='line_1_18' title="bbox 247 1167 1562 1220; baseline 0.002 -15"><span class='ocrx_word' id='word_1_133' title='bbox 247 1171 353 1215; x_wconf 71' lang='lat' dir='ltr'><strong>nunt,</strong></span> <span class='ocrx_word' id='word_1_134' title='bbox 379 1167 482 1209; x_wconf 88' lang='lat' dir='ltr'><strong>unde</strong></span> <span class='ocrx_word' id='word_1_135' title='bbox 510 1168 761 1219; x_wconf 76' lang='lat' dir='ltr'><strong>Euthydemo</strong></span> <span class='ocrx_word' id='word_1_136' title='bbox 790 1170 954 1219; x_wconf 84' lang='lat' dir='ltr'><strong>eiusque</strong></span> <span class='ocrx_word' id='word_1_137' title='bbox 984 1168 1100 1207; x_wconf 87' lang='lat' dir='ltr'><strong>fratri</strong></span> <span class='ocrx_word' id='word_1_138' title='bbox 1130 1182 1218 1207; x_wconf 90' lang='lat' dir='ltr'><strong>cum</strong></span> <span class='ocrx_word' id='word_1_139' title='bbox 1246 1169 1462 1220; x_wconf 79' lang='lat' dir='ltr'><strong>Protagora</strong></span> <span class='ocrx_word' id='word_1_140' title='bbox 1492 1169 1562 1208; x_wconf 87' lang='lat' dir='ltr'><strong>ali-</strong></span> 
     </span>
     <span class='ocr_line' id='line_1_19' title="bbox 249 1223 1562 1275; baseline 0.002 -14"><span class='ocrx_word' id='word_1_141' title='bbox 249 1223 342 1273; x_wconf 84' lang='lat' dir='ltr'><strong>quid</strong></span> <span class='ocrx_word' id='word_1_142' title='bbox 377 1225 682 1264; x_wconf 84' lang='lat' dir='ltr'><strong>necessitudinis</strong></span> <span class='ocrx_word' id='word_1_143' title='bbox 725 1226 1002 1263; x_wconf 83' lang='lat' dir='ltr'><strong>intercessisse</strong></span> <span class='ocrx_word' id='word_1_144' title='bbox 1042 1236 1120 1262; x_wconf 91' lang='lat' dir='ltr'><strong>non</strong></span> <span class='ocrx_word' id='word_1_145' title='bbox 1156 1226 1291 1274; x_wconf 89' lang='lat' dir='ltr'><strong>inepte</strong></span> <span class='ocrx_word' id='word_1_146' title='bbox 1329 1226 1562 1275; x_wconf 80' lang='lat' dir='ltr'><strong>suspiceris.</strong></span> 
     </span>
     <span class='ocr_line' id='line_1_20' title="bbox 248 1278 1562 1331; baseline 0.002 -15"><span class='ocrx_word' id='word_1_147' title='bbox 248 1278 363 1328; x_wconf 78' lang='lat' dir='ltr'><strong>Quod</strong></span> <span class='ocrx_word' id='word_1_148' title='bbox 401 1280 502 1318; x_wconf 90' lang='lat' dir='ltr'><strong>enim</strong></span> <span class='ocrx_word' id='word_1_149' title='bbox 540 1280 600 1318; x_wconf 88' lang='lat' dir='ltr'><strong>illi</strong></span> <span class='ocrx_word' id='word_1_150' title='bbox 638 1278 800 1331; x_wconf 83' lang='lat' dir='ltr'><strong>praeter</strong></span> <span class='ocrx_word' id='word_1_151' title='bbox 834 1280 1055 1319; x_wconf 88' lang='lat' dir='ltr'><strong>disserendi</strong></span> <span class='ocrx_word' id='word_1_152' title='bbox 1084 1285 1210 1318; x_wconf 87' lang='lat' dir='ltr'><strong>artem</strong></span> <span class='ocrx_word' id='word_1_153' title='bbox 1241 1293 1285 1318; x_wconf 89' lang='lat' dir='ltr'><strong>ac</strong></span> <span class='ocrx_word' id='word_1_154' title='bbox 1315 1282 1472 1319; x_wconf 82' lang='lat' dir='ltr'><strong>virtutis</strong></span> <span class='ocrx_word' id='word_1_155' title='bbox 1502 1281 1562 1318; x_wconf 92' lang='lat' dir='ltr'><strong>di-</strong></span> 
     </span>
     <span class='ocr_line' id='line_1_21' title="bbox 249 1332 1564 1389; baseline 0.002 -17"><span class='ocrx_word' id='word_1_156' title='bbox 249 1334 454 1384; x_wconf 83' lang='lat' dir='ltr'><strong>sciplinam</strong></span> <span class='ocrx_word' id='word_1_157' title='bbox 483 1336 603 1374; x_wconf 87' lang='lat' dir='ltr'><strong>etiam</strong></span> <span class='ocrx_word' id='word_1_158' title='bbox 632 1333 902 1389; x_wconf 80' lang='grc' dir='ltr'><em>ὁπλομαχίαν</em></span> <span class='ocrx_word' id='word_1_159' title='bbox 929 1336 1104 1387; x_wconf 86' lang='lat' dir='ltr'><strong>professi</strong></span> <span class='ocrx_word' id='word_1_160' title='bbox 1135 1340 1245 1381; x_wconf 89' lang='lat' dir='ltr'><strong>sunt,</strong></span> <span class='ocrx_word' id='word_1_161' title='bbox 1275 1332 1455 1386; x_wconf 75' lang='lat' dir='ltr'><strong>equidem</strong></span> <span class='ocrx_word' id='word_1_162' title='bbox 1486 1348 1564 1375; x_wconf 90' lang='lat' dir='ltr'><strong>n-on</strong></span> 
     </span>
     <span class='ocr_line' id='line_1_22' title="bbox 249 1389 1563 1442; baseline 0.002 -15"><span class='ocrx_word' id='word_1_163' title='bbox 249 1389 408 1429; x_wconf 90' lang='lat' dir='ltr'><strong>dubium</strong></span> <span class='ocrx_word' id='word_1_164' title='bbox 443 1403 534 1429; x_wconf 90' lang='lat' dir='ltr'><strong>esse</strong></span> <span class='ocrx_word' id='word_1_165' title='bbox 575 1392 769 1440; x_wconf 82' lang='lat' dir='ltr'><strong>arbitror,</strong></span> <span class='ocrx_word' id='word_1_166' title='bbox 804 1393 896 1442; x_wconf 89' lang='lat' dir='ltr'><strong>quin</strong></span> <span class='ocrx_word' id='word_1_167' title='bbox 933 1393 1008 1430; x_wconf 87' lang='lat' dir='ltr'><strong>hac</strong></span> <span class='ocrx_word' id='word_1_168' title='bbox 1045 1393 1083 1430; x_wconf 91' lang='lat' dir='ltr'><strong>in</strong></span> <span class='ocrx_word' id='word_1_169' title='bbox 1112 1405 1157 1429; x_wconf 86' lang='lat' dir='ltr'><strong>re</strong></span> <span class='ocrx_word' id='word_1_170' title='bbox 1187 1391 1402 1430; x_wconf 84' lang='lat' dir='ltr'><strong>Abderitae</strong></span> <span class='ocrx_word' id='word_1_171' title='bbox 1431 1405 1563 1431; x_wconf 87' lang='lat' dir='ltr'><strong>exem-</strong></span> 
     </span>
     <span class='ocr_line' id='line_1_23' title="bbox 250 1444 1563 1497; baseline 0.004 -15"><span class='ocrx_word' id='word_1_172' title='bbox 250 1444 360 1495; x_wconf 81' lang='lat' dir='ltr'><strong>plum</strong></span> <span class='ocrx_word' id='word_1_173' title='bbox 406 1446 487 1484; x_wconf 90' lang='lat' dir='ltr'><strong>sint</strong></span> <span class='ocrx_word' id='word_1_174' title='bbox 531 1447 684 1488; x_wconf 90' lang='lat' dir='ltr'><strong>imitati.</strong></span> <span class='ocrx_word' id='word_1_175' title='bbox 759 1446 986 1497; x_wconf 84' lang='lat' dir='ltr'><strong>Scripserat</strong></span> <span class='ocrx_word' id='word_1_176' title='bbox 1027 1449 1128 1485; x_wconf 88' lang='lat' dir='ltr'><strong>enim</strong></span> <span class='ocrx_word' id='word_1_177' title='bbox 1174 1447 1412 1496; x_wconf 79' lang='lat' dir='ltr'><strong>Protagoras</strong></span> <span class='ocrx_word' id='word_1_178' title='bbox 1456 1452 1563 1488; x_wconf 88' lang='lat' dir='ltr'><strong>teste</strong></span> 
     </span>
     <span class='ocr_line' id='line_1_24' title="bbox 250 1499 1560 1553; baseline 0.003 -15"><span class='ocrx_word' id='word_1_179' title='bbox 250 1499 460 1541; x_wconf 87' lang='lat' dir='ltr'><strong>Laertio</strong></span> <span class='ocrx_word' id='word_1_180' title='bbox 487 1500 555 1541; x_wconf 89' lang='lat' dir='ltr'><strong>lX.</strong></span> <span class='ocrx_word' id='word_1_181' title='bbox 583 1502 652 1542; x_wconf 77' lang='lat'><strong>55.</strong></span> <span class='ocrx_word' id='word_1_182' title='bbox 681 1507 844 1552; x_wconf 85' lang='lat' dir='ltr'><strong>praeter</strong></span> <span class='ocrx_word' id='word_1_183' title='bbox 873 1503 947 1540; x_wconf 87' lang='lat' dir='ltr'><strong>alia</strong></span> <span class='ocrx_word' id='word_1_184' title='bbox 976 1503 1093 1540; x_wconf 88' lang='lat' dir='ltr'><strong>etiam</strong></span> <span class='ocrx_word' id='word_1_185' title='bbox 1124 1503 1264 1540; x_wconf 90' lang='lat' dir='ltr'><strong>librum</strong></span> <span class='ocrx_word' id='word_1_186' title='bbox 1295 1503 1390 1553; x_wconf 72' lang='grc' dir='ltr'><strong>περὶ</strong></span> <span class='ocrx_word' id='word_1_187' title='bbox 1411 1499 1560 1551; x_wconf 71' lang='grc' dir='ltr'><em>πάλης,</em></span> 
     </span>
     <span class='ocr_line' id='line_1_25' title="bbox 249 1555 1562 1609; baseline 0.003 -17"><span class='ocrx_word' id='word_1_188' title='bbox 249 1555 365 1605; x_wconf 73' lang='lat' dir='ltr'><strong>Quod</strong></span> <span class='ocrx_word' id='word_1_189' title='bbox 392 1568 443 1594; x_wconf 91' lang='lat' dir='ltr'><strong>ne</strong></span> <span class='ocrx_word' id='word_1_190' title='bbox 470 1560 626 1595; x_wconf 84' lang='lat' dir='ltr'><strong>temere</strong></span> <span class='ocrx_word' id='word_1_191' title='bbox 662 1559 709 1596; x_wconf 89' lang='lat' dir='ltr'><strong>ab</strong></span> <span class='ocrx_word' id='word_1_192' title='bbox 739 1558 817 1596; x_wconf 91' lang='lat' dir='ltr'><strong>hoc</strong></span> <span class='ocrx_word' id='word_1_193' title='bbox 843 1559 1040 1608; x_wconf 82' lang='lat' dir='ltr'><strong>scriptore</strong></span> <span class='ocrx_word' id='word_1_194' title='bbox 1076 1558 1284 1595; x_wconf 85' lang='lat' dir='ltr'><strong>conlictum</strong></span> <span class='ocrx_word' id='word_1_195' title='bbox 1315 1564 1433 1608; x_wconf 91' lang='lat' dir='ltr'><strong>putes</strong></span> <span class='ocrx_word' id='word_1_196' title='bbox 1464 1571 1562 1609; x_wconf 83' lang='lat' dir='ltr'><strong>pro-</strong></span> 
     </span>
     <span class='ocr_line' id='line_1_26' title="bbox 249 1609 1563 1666; baseline 0.002 -16"><span class='ocrx_word' id='word_1_197' title='bbox 249 1611 389 1650; x_wconf 90' lang='lat' dir='ltr'><strong>hibent</strong></span> <span class='ocrx_word' id='word_1_198' title='bbox 415 1613 534 1651; x_wconf 74' lang='lat' dir='ltr'><strong>verba</strong></span> <span class='ocrx_word' id='word_1_199' title='bbox 563 1612 739 1652; x_wconf 89' lang='lat' dir='ltr'><strong>Platonis</strong></span> <span class='ocrx_word' id='word_1_200' title='bbox 770 1614 808 1652; x_wconf 89' lang='lat' dir='ltr'><strong>in</strong></span> <span class='ocrx_word' id='word_1_201' title='bbox 838 1613 1017 1664; x_wconf 77' lang='lat' dir='ltr'><strong>Sopliist.</strong></span> <span class='ocrx_word' id='word_1_202' title='bbox 1048 1626 1086 1664; x_wconf 90' lang='lat' dir='ltr'><strong>p.</strong></span> <span class='ocrx_word' id='word_1_203' title='bbox 1116 1614 1210 1651; x_wconf 74' lang='lat'><strong>232.</strong></span> <span class='ocrx_word' id='word_1_204' title='bbox 1243 1614 1287 1650; x_wconf 93' lang='lat' dir='ltr'><strong>l).</strong></span> <span class='ocrx_word' id='word_1_205' title='bbox 1319 1609 1371 1652; x_wconf 80' lang='grc' dir='ltr'><strong>τά</strong></span> <span class='ocrx_word' id='word_1_206' title='bbox 1399 1628 1445 1666; x_wconf 75' lang='grc' dir='ltr'><strong>γε</strong></span> <span class='ocrx_word' id='word_1_207' title='bbox 1475 1610 1563 1666; x_wconf 68' lang='grc' dir='ltr'><strong>μὴν</strong></span> 
     </span>
     <span class='ocr_line' id='line_1_27' title="bbox 251 1663 1565 1722; baseline 0.002 -15"><span class='ocrx_word' id='word_1_208' title='bbox 251 1666 349 1722; x_wconf 74' lang='grc' dir='ltr'><strong><em>περὶ</em></strong></span> <span class='ocrx_word' id='word_1_209' title='bbox 385 1667 535 1708; x_wconf 82' lang='grc' dir='ltr'><em>πασῶν</em></span> <span class='ocrx_word' id='word_1_210' title='bbox 575 1681 620 1708; x_wconf 82' lang='grc' dir='ltr'><strong>τε</strong></span> <span class='ocrx_word' id='word_1_211' title='bbox 649 1669 722 1709; x_wconf 81' lang='grc' dir='ltr'><strong>καὶ</strong></span> <span class='ocrx_word' id='word_1_212' title='bbox 751 1663 860 1709; x_wconf 77' lang='grc' dir='ltr'><em>κατὰ</em></span> <span class='ocrx_word' id='word_1_213' title='bbox 885 1670 992 1721; x_wconf 84' lang='grc' dir='ltr'><em>μίαν</em></span> <span class='ocrx_word' id='word_1_214' title='bbox 1020 1664 1202 1718; x_wconf 76' lang='grc' dir='ltr'><em>ἑκάστην</em></span> <span class='ocrx_word' id='word_1_215' title='bbox 1230 1670 1403 1721; x_wconf 70' lang='grc' dir='ltr'><strong>τέχνην,</strong></span> <span class='ocrx_word' id='word_1_216' title='bbox 1441 1665 1470 1708; x_wconf 72' lang='grc' dir='ltr'><strong>(ἓ</strong></span> <span class='ocrx_word' id='word_1_217' title='bbox 1500 1670 1565 1710; x_wconf 73' lang='grc' dir='ltr'><strong>δεῖ</strong></span> 
     </span>
     <span class='ocr_line' id='line_1_28' title="bbox 251 1717 1563 1777; baseline 0.002 -15"><span class='ocrx_word' id='word_1_218' title='bbox 251 1717 361 1776; x_wconf 83' lang='grc' dir='ltr'><em>πρὸς</em></span> <span class='ocrx_word' id='word_1_219' title='bbox 391 1725 573 1763; x_wconf 77' lang='grc' dir='ltr'><em>ἕκαστον</em></span> <span class='ocrx_word' id='word_1_220' title='bbox 609 1719 742 1765; x_wconf 78' lang='grc' dir='ltr'><em>αὐτὸν</em></span> <span class='ocrx_word' id='word_1_221' title='bbox 779 1719 858 1764; x_wconf 84' lang='grc' dir='ltr'><strong>τὸν</strong></span> <span class='ocrx_word' id='word_1_222' title='bbox 886 1720 1152 1777; x_wconf 75' lang='grc' dir='ltr'><em>δημιουργὸν</em></span> <span class='ocrx_word' id='word_1_223' title='bbox 1180 1722 1563 1775; x_wconf 72' lang='grc' dir='ltr'><strong>ἀντειπεῖν,’ὸ“εὸη-</strong></span> 
     </span>
     <span class='ocr_line' id='line_1_29' title="bbox 249 1778 1562 1846; baseline 0.003 -29"><span class='ocrx_word' id='word_1_224' title='bbox 249 1779 502 1830; x_wconf 80' lang='grc' dir='ltr'><em>μοσιωμένα</em></span> <span class='ocrx_word' id='word_1_225' title='bbox 528 1792 612 1820; x_wconf 83' lang='grc' dir='ltr'><strong>που</strong></span> <span class='ocrx_word' id='word_1_226' title='bbox 643 1778 981 1846; x_wconf 63' lang='grc' dir='ltr'><em>καταβέβληται,</em></span> <span class='ocrx_word' id='word_1_227' title='bbox 1021 1782 1294 1833; x_wconf 72' lang='grc' dir='ltr'><em>γεγραμμέιά</em></span> <span class='ocrx_word' id='word_1_228' title='bbox 1322 1780 1383 1832; x_wconf 76' lang='grc' dir='ltr'><strong>τῷ</strong></span> <span class='ocrx_word' id='word_1_229' title='bbox 1409 1781 1562 1832; x_wconf 77' lang='grc' dir='ltr'><em>βουλο·</em></span> 
     </span>
     <span class='ocr_line' id='line_1_30' title="bbox 249 1831 1563 1891; baseline 0.002 -18"><span class='ocrx_word' id='word_1_230' title='bbox 249 1834 366 1885; x_wconf 82' lang='grc' dir='ltr'><em>μένῳ</em></span> <span class='ocrx_word' id='word_1_231' title='bbox 395 1834 574 1883; x_wconf 73' lang='grc' dir='ltr'><em>μαθεῖν.</em></span> <span class='ocrx_word' id='word_1_232' title='bbox 623 1835 712 1876; x_wconf 79' lang='lat' dir='ltr'><strong>Th.</strong></span> <span class='ocrx_word' id='word_1_233' title='bbox 754 1835 818 1877; x_wconf 85' lang='grc' dir='ltr'><strong>Τα</strong></span> <span class='ocrx_word' id='word_1_234' title='bbox 845 1831 1160 1890; x_wconf 75' lang='grc' dir='ltr'><em>ῙΙρωταγόρειά</em></span> <span class='ocrx_word' id='word_1_235' title='bbox 1187 1850 1266 1887; x_wconf 84' lang='grc' dir='ltr'><strong>μοι</strong></span> <span class='ocrx_word' id='word_1_236' title='bbox 1294 1837 1439 1891; x_wconf 77' lang='grc' dir='ltr'><em>φαίνει</em></span> <span class='ocrx_word' id='word_1_237' title='bbox 1466 1838 1563 1888; x_wconf 76' lang='grc' dir='ltr'><strong><em>περί</em></strong></span> 
     </span>
     <span class='ocr_line' id='line_1_31' title="bbox 251 1885 1562 1946; baseline 0.002 -18"><span class='ocrx_word' id='word_1_238' title='bbox 251 1901 297 1928; x_wconf 83' lang='grc' dir='ltr'><strong>τε</strong></span> <span class='ocrx_word' id='word_1_239' title='bbox 325 1885 499 1938; x_wconf 78' lang='grc' dir='ltr'><em>πάλης</em></span> <span class='ocrx_word' id='word_1_240' title='bbox 530 1890 628 1931; x_wconf 83' lang='grc' dir='ltr'><strong>καὶ</strong></span> <span class='ocrx_word' id='word_1_241' title='bbox 657 1890 758 1932; x_wconf 83' lang='grc' dir='ltr'><strong>τῶν</strong></span> <span class='ocrx_word' id='word_1_242' title='bbox 786 1887 961 1933; x_wconf 79' lang='grc' dir='ltr'><em>ἄλλων</em></span> <span class='ocrx_word' id='word_1_243' title='bbox 989 1891 1190 1944; x_wconf 82' lang='grc' dir='ltr'><em>τεχνῶν</em></span> <span class='ocrx_word' id='word_1_244' title='bbox 1220 1894 1445 1946; x_wconf 72' lang='grc' dir='ltr'><em>εἰρηκέναι.</em></span> <span class='ocrx_word' id='word_1_245' title='bbox 1484 1893 1562 1931; x_wconf 90' lang='lat' dir='ltr'><strong>Hic</strong></span> 
     </span>
     <span class='ocr_line' id='line_1_32' title="bbox 252 1941 1560 2000; baseline 0.003 -18"><span class='ocrx_word' id='word_1_246' title='bbox 252 1945 355 1983; x_wconf 87' lang='lat' dir='ltr'><strong>enim</strong></span> <span class='ocrx_word' id='word_1_247' title='bbox 400 1946 605 1995; x_wconf 77' lang='lat' dir='ltr'><strong>quominus</strong></span> <span class='ocrx_word' id='word_1_248' title='bbox 645 1946 741 2000; x_wconf 81' lang='grc' dir='ltr'><em>περὶ</em></span> <span class='ocrx_word' id='word_1_249' title='bbox 776 1941 914 1995; x_wconf 74' lang='grc' dir='ltr'><em>πάλης</em></span> <span class='ocrx_word' id='word_1_250' title='bbox 950 1959 1039 1986; x_wconf 92' lang='lat' dir='ltr'><strong>cum</strong></span> <span class='ocrx_word' id='word_1_251' title='bbox 1075 1947 1560 1986; x_wconf 85' lang='lat' dir='ltr'><strong>Schleiermachero</strong></span> 
     </span>
     <span class='ocr_line' id='line_1_33' title="bbox 250 1999 1562 2054; baseline 0.003 -16"><span class='ocrx_word' id='word_1_252' title='bbox 250 1999 523 2050; x_wconf 85' lang='lat' dir='ltr'><strong>metaphorice</strong></span> <span class='ocrx_word' id='word_1_253' title='bbox 551 2001 602 2045; x_wconf 83' lang='lat' dir='ltr'><strong>de</strong></span> <span class='ocrx_word' id='word_1_254' title='bbox 631 2001 854 2054; x_wconf 87' lang='lat' dir='ltr'><strong>disputandi</strong></span> <span class='ocrx_word' id='word_1_255' title='bbox 882 2004 1096 2044; x_wconf 87' lang='lat' dir='ltr'><strong>certamine</strong></span> <span class='ocrx_word' id='word_1_256' title='bbox 1124 2004 1411 2054; x_wconf 78' lang='lat' dir='ltr'><strong>intelligamus,</strong></span> <span class='ocrx_word' id='word_1_257' title='bbox 1438 2004 1562 2042; x_wconf 84' lang='lat' dir='ltr'><strong>vehe-</strong></span> 
     </span>
     <span class='ocr_line' id='line_1_34' title="bbox 250 2054 1563 2109; baseline 0.005 -15"><span class='ocrx_word' id='word_1_258' title='bbox 250 2060 409 2106; x_wconf 84' lang='lat' dir='ltr'><strong>menter</strong></span> <span class='ocrx_word' id='word_1_259' title='bbox 434 2054 652 2108; x_wconf 77' lang='lat' dir='ltr'><strong>impedIutit</strong></span> <span class='ocrx_word' id='word_1_260' title='bbox 678 2058 800 2102; x_wconf 78' lang='lat' dir='ltr'><strong>verba</strong></span> <span class='ocrx_word' id='word_1_261' title='bbox 826 2062 1056 2109; x_wconf 81' lang='lat' dir='ltr'><strong>antegressa</strong></span> <span class='ocrx_word' id='word_1_262' title='bbox 1083 2054 1191 2109; x_wconf 80' lang='grc' dir='ltr'><em>πρὸς</em></span> <span class='ocrx_word' id='word_1_263' title='bbox 1220 2061 1400 2100; x_wconf 73' lang='grc' dir='ltr'><em>ἕκαστον</em></span> <span class='ocrx_word' id='word_1_264' title='bbox 1428 2054 1563 2100; x_wconf 81' lang='grc' dir='ltr'><em>αὐτὸν</em></span> 
     </span>
     <span class='ocr_line' id='line_1_35' title="bbox 252 2108 1562 2166; baseline 0.002 -16"><span class='ocrx_word' id='word_1_265' title='bbox 252 2108 331 2151; x_wconf 81' lang='grc' dir='ltr'><strong>τὸν</strong></span> <span class='ocrx_word' id='word_1_266' title='bbox 368 2109 647 2166; x_wconf 75' lang='grc' dir='ltr'><em>δημιουργόν.</em></span> <span class='ocrx_word' id='word_1_267' title='bbox 705 2114 790 2153; x_wconf 87' lang='lat' dir='ltr'><strong>Nec</strong></span> <span class='ocrx_word' id='word_1_268' title='bbox 825 2126 899 2165; x_wconf 89' lang='lat' dir='ltr'><strong>per</strong></span> <span class='ocrx_word' id='word_1_269' title='bbox 941 2127 986 2154; x_wconf 86' lang='lat' dir='ltr'><strong>se</strong></span> <span class='ocrx_word' id='word_1_270' title='bbox 1021 2114 1249 2153; x_wconf 85' lang='lat' dir='ltr'><strong>incredibile</strong></span> <span class='ocrx_word' id='word_1_271' title='bbox 1279 2118 1343 2153; x_wconf 87' lang='lat' dir='ltr'><strong>est</strong></span> <span class='ocrx_word' id='word_1_272' title='bbox 1369 2114 1562 2165; x_wconf 80' lang='lat' dir='ltr'><strong>Protago-</strong></span> 
     </span>
     <span class='ocr_line' id='line_1_36' title="bbox 251 2166 1560 2223; baseline 0.003 -18"><span class='ocrx_word' id='word_1_273' title='bbox 251 2179 336 2205; x_wconf 84' lang='lat' dir='ltr'><strong>ram</strong></span> <span class='ocrx_word' id='word_1_274' title='bbox 372 2167 487 2209; x_wconf 82' lang='lat' dir='ltr'><strong>huius</strong></span> <span class='ocrx_word' id='word_1_275' title='bbox 516 2170 611 2208; x_wconf 86' lang='lat' dir='ltr'><strong>artis</strong></span> <span class='ocrx_word' id='word_1_276' title='bbox 641 2171 812 2223; x_wconf 84' lang='lat' dir='ltr'><strong>peritum</strong></span> <span class='ocrx_word' id='word_1_277' title='bbox 834 2166 956 2220; x_wconf 54' lang='lat' dir='ltr'><strong>&#39;atque</strong></span> <span class='ocrx_word' id='word_1_278' title='bbox 985 2183 1144 2222; x_wconf 87' lang='lat' dir='ltr'><strong>gnarum</strong></span> <span class='ocrx_word' id='word_1_279' title='bbox 1175 2171 1324 2218; x_wconf 79' lang='lat' dir='ltr'><strong>fuisse,</strong></span> <span class='ocrx_word' id='word_1_280' title='bbox 1369 2172 1560 2221; x_wconf 78' lang='lat' dir='ltr'><strong>siquidem</strong></span> 
     </span>
     <span class='ocr_line' id='line_1_37' title="bbox 252 2225 1562 2275; baseline 0.004 -15"><span class='ocrx_word' id='word_1_281' title='bbox 252 2234 344 2268; x_wconf 79' lang='lat' dir='ltr'><strong>vera</strong></span> <span class='ocrx_word' id='word_1_282' title='bbox 362 2227 467 2271; x_wconf 85' lang='lat' dir='ltr'><strong>sunt,</strong></span> <span class='ocrx_word' id='word_1_283' title='bbox 497 2237 595 2274; x_wconf 88' lang='lat' dir='ltr'><strong>quae</strong></span> <span class='ocrx_word' id='word_1_284' title='bbox 624 2238 646 2263; x_wconf 88' lang='lat' dir='ltr'><strong>a</strong></span> <span class='ocrx_word' id='word_1_285' title='bbox 668 2225 847 2272; x_wconf 85' lang='lat' dir='ltr'><strong>Gellio</strong></span> <span class='ocrx_word' id='word_1_286' title='bbox 878 2225 924 2263; x_wconf 90' lang='lat' dir='ltr'><strong>N.</strong></span> <span class='ocrx_word' id='word_1_287' title='bbox 948 2228 994 2266; x_wconf 89' lang='lat' dir='ltr'><strong>A.</strong></span> <span class='ocrx_word' id='word_1_288' title='bbox 1015 2226 1062 2266; x_wconf 85' lang='lat' dir='ltr'><strong>V.</strong></span> <span class='ocrx_word' id='word_1_289' title='bbox 1084 2227 1122 2264; x_wconf 79' lang='lat'><strong>3.</strong></span> <span class='ocrx_word' id='word_1_290' title='bbox 1153 2231 1368 2271; x_wconf 81' lang='lat' dir='ltr'><strong>narrantur.</strong></span> <span class='ocrx_word' id='word_1_291' title='bbox 1426 2227 1562 2275; x_wconf 81' lang='lat' dir='ltr'><strong>Quan-</strong></span> 
     </span>
     <span class='ocr_line' id='line_1_38' title="bbox 254 2279 1562 2332; baseline 0.004 -16"><span class='ocrx_word' id='word_1_292' title='bbox 254 2290 368 2330; x_wconf 89' lang='lat' dir='ltr'><strong>quam</strong></span> <span class='ocrx_word' id='word_1_293' title='bbox 396 2279 517 2329; x_wconf 82' lang='lat' dir='ltr'><strong>igitur</strong></span> <span class='ocrx_word' id='word_1_294' title='bbox 543 2280 727 2326; x_wconf 85' lang='lat' dir='ltr'><strong>lubenter</strong></span> <span class='ocrx_word' id='word_1_295' title='bbox 753 2281 1002 2327; x_wconf 84' lang='lat' dir='ltr'><strong>concedimus</strong></span> <span class='ocrx_word' id='word_1_296' title='bbox 1033 2282 1204 2332; x_wconf 81' lang='lat' dir='ltr'><strong>eleganti</strong></span> <span class='ocrx_word' id='word_1_297' title='bbox 1231 2282 1317 2319; x_wconf 90' lang='lat' dir='ltr'><strong>lusu</strong></span> <span class='ocrx_word' id='word_1_298' title='bbox 1347 2294 1369 2319; x_wconf 88' lang='lat' dir='ltr'><strong>a</strong></span> <span class='ocrx_word' id='word_1_299' title='bbox 1396 2281 1562 2322; x_wconf 88' lang='lat' dir='ltr'><strong>Platone</strong></span> 
     </span>
     <span class='ocr_line' id='line_1_39' title="bbox 252 2336 1564 2387; baseline 0.004 -15"><span class='ocrx_word' id='word_1_300' title='bbox 252 2338 380 2378; x_wconf 81' lang='lat' dir='ltr'><strong>artem</strong></span> <span class='ocrx_word' id='word_1_301' title='bbox 409 2336 527 2374; x_wconf 76' lang='lat' dir='ltr'><strong>armis</strong></span> <span class='ocrx_word' id='word_1_302' title='bbox 557 2337 752 2387; x_wconf 85' lang='lat' dir='ltr'><strong>pugnandi</strong></span> <span class='ocrx_word' id='word_1_303' title='bbox 780 2337 971 2386; x_wconf 76' lang='lat' dir='ltr'><strong>sophistis</strong></span> <span class='ocrx_word' id='word_1_304' title='bbox 1000 2338 1184 2386; x_wconf 79' lang='lat' dir='ltr'><strong>attribui,</strong></span> <span class='ocrx_word' id='word_1_305' title='bbox 1212 2341 1257 2375; x_wconf 92' lang='lat' dir='ltr'><strong>ut</strong></span> <span class='ocrx_word' id='word_1_306' title='bbox 1283 2337 1468 2376; x_wconf 81' lang='lat' dir='ltr'><strong>videlicet</strong></span> <span class='ocrx_word' id='word_1_307' title='bbox 1496 2339 1564 2378; x_wconf 87' lang='lat' dir='ltr'><strong>isti</strong></span> 
     </span>
     <span class='ocr_line' id='line_1_40' title="bbox 253 2389 1564 2446; baseline 0.005 -18"><span class='ocrx_word' id='word_1_308' title='bbox 253 2389 292 2428; x_wconf 91' lang='lat' dir='ltr'><strong>in</strong></span> <span class='ocrx_word' id='word_1_309' title='bbox 328 2391 434 2437; x_wconf 81' lang='lat' dir='ltr'><strong>omni</strong></span> <span class='ocrx_word' id='word_1_310' title='bbox 468 2392 693 2438; x_wconf 77' lang='lat' dir='ltr'><strong>certaminis</strong></span> <span class='ocrx_word' id='word_1_311' title='bbox 731 2404 879 2446; x_wconf 78' lang='lat' dir='ltr'><strong>genere</strong></span> <span class='ocrx_word' id='word_1_312' title='bbox 910 2393 1083 2446; x_wconf 68' lang='lat' dir='ltr'><strong>perfecti</strong></span> <span class='ocrx_word' id='word_1_313' title='bbox 1121 2397 1163 2440; x_wconf 78' lang='lat' dir='ltr'><strong>et</strong></span> <span class='ocrx_word' id='word_1_314' title='bbox 1190 2395 1445 2438; x_wconf 79' lang='lat' dir='ltr'><strong>consummati</strong></span> <span class='ocrx_word' id='word_1_315' title='bbox 1473 2407 1564 2434; x_wconf 81' lang='lat' dir='ltr'><strong>esse</strong></span> 
     </span>
    </p>
   </div>
   <div class='ocr_carea' id='block_1_3' title="bbox 256 2507 514 2521">
    <p class='ocr_par' dir='ltr' id='par_1_3' title="bbox 256 2507 514 2521">
     <span class='ocr_line' id='line_1_41' title="bbox 256 2507 514 2521; baseline 0 383"><span class='ocrx_word' id='word_1_316' title='bbox 256 2507 514 2521; x_wconf 95' lang='lat' dir='ltr'><strong> </strong></span> 
     </span>
    </p>
   </div>
   <div class='ocr_carea' id='block_1_4' title="bbox 270 2584 1590 2729">
    <p class='ocr_par' dir='ltr' id='par_1_4' title="bbox 270 2584 1590 2729">
     <span class='ocr_line' id='line_1_42' title="bbox 270 2584 1565 2630; baseline 0.002 -12"><span class='ocrx_word' id='word_1_317' title='bbox 270 2600 273 2601; x_wconf 45' lang='lat'><em>⁷</em></span> <span class='ocrx_word' id='word_1_318' title='bbox 299 2584 336 2628; x_wconf 70' lang='lat'><strong>²¹)</strong></span> <span class='ocrx_word' id='word_1_319' title='bbox 361 2588 553 2620; x_wconf 68' lang='lat' dir='ltr'><strong>Nar-rantur</strong></span> <span class='ocrx_word' id='word_1_320' title='bbox 581 2588 670 2621; x_wconf 84' lang='lat' dir='ltr'><strong>enim</strong></span> <span class='ocrx_word' id='word_1_321' title='bbox 703 2599 736 2629; x_wconf 83' lang='lat' dir='ltr'><strong>p.</strong></span> <span class='ocrx_word' id='word_1_322' title='bbox 768 2593 843 2628; x_wconf 72' lang='lat'><strong>2⁶12,</strong></span> <span class='ocrx_word' id='word_1_323' title='bbox 874 2593 912 2625; x_wconf 80' lang='lat' dir='ltr'><strong>C.</strong></span> <span class='ocrx_word' id='word_1_324' title='bbox 940 2590 1076 2622; x_wconf 81' lang='lat' dir='ltr'><strong>Thuriis</strong></span> <span class='ocrx_word' id='word_1_325' title='bbox 1113 2589 1240 2624; x_wconf 80' lang='lat' dir='ltr'><strong>relictis</strong></span> <span class='ocrx_word' id='word_1_326' title='bbox 1279 2585 1388 2620; x_wconf 78' lang='grc' dir='ltr'>πολλὰ</span> <span class='ocrx_word' id='word_1_327' title='bbox 1413 2586 1479 2630; x_wconf 67' lang='grc' dir='ltr'><strong>ἤᾶή</strong></span> <span class='ocrx_word' id='word_1_328' title='bbox 1510 2589 1565 2630; x_wconf 55' lang='grc' dir='ltr'><strong>ἔτη</strong></span> 
     </span>
     <span class='ocr_line' id='line_1_43' title="bbox 345 2631 1567 2678; baseline 0.002 -15"><span class='ocrx_word' id='word_1_329' title='bbox 345 2631 423 2675; x_wconf 75' lang='grc' dir='ltr'><strong>περὶ</strong></span> <span class='ocrx_word' id='word_1_330' title='bbox 457 2631 574 2669; x_wconf 73' lang='grc' dir='ltr'><strong><em>τοίςὸε</em></strong></span> <span class='ocrx_word' id='word_1_331' title='bbox 598 2631 677 2669; x_wconf 74' lang='grc' dir='ltr'><strong>τοὺς</strong></span> <span class='ocrx_word' id='word_1_332' title='bbox 708 2632 836 2672; x_wconf 80' lang='grc' dir='ltr'><em>τόπους</em></span> <span class='ocrx_word' id='word_1_333' title='bbox 868 2636 1066 2678; x_wconf 55' lang='lat' dir='ltr'><strong>armemur:</strong></span> <span class='ocrx_word' id='word_1_334' title='bbox 1102 2636 1218 2673; x_wconf 85' lang='lat' dir='ltr'><strong>quibus</strong></span> <span class='ocrx_word' id='word_1_335' title='bbox 1253 2634 1374 2667; x_wconf 82' lang='lat' dir='ltr'><strong>deinde</strong></span> <span class='ocrx_word' id='word_1_336' title='bbox 1396 2636 1567 2671; x_wconf 77' lang='lat' dir='ltr'><strong>adduntur</strong></span> 
     </span>
     <span class='ocr_line' id='line_1_44' title="bbox 343 2675 1590 2729; baseline 0.006 -21"><span class='ocrx_word' id='word_1_337' title='bbox 343 2677 441 2709; x_wconf 82' lang='lat' dir='ltr'><strong>haec:</strong></span> <span class='ocrx_word' id='word_1_338' title='bbox 463 2677 583 2722; x_wconf 69' lang='grc' dir='ltr'><em>πέρυσι</em></span> <span class='ocrx_word' id='word_1_339' title='bbox 603 2678 639 2716; x_wconf 69' lang='grc' dir='ltr'><strong>δὲ</strong></span> <span class='ocrx_word' id='word_1_340' title='bbox 659 2677 682 2729; x_wconf 70' lang='grc' dir='ltr'><em>ἢ</em></span> <span class='ocrx_word' id='word_1_341' title='bbox 707 2681 896 2727; x_wconf 61' lang='grc' dir='ltr'><em>προπέρυσι</em></span> <span class='ocrx_word' id='word_1_342' title='bbox 919 2679 1049 2719; x_wconf 65' lang='grc' dir='ltr'><em>οὐδέπω</em></span> <span class='ocrx_word' id='word_1_343' title='bbox 1070 2676 1170 2727; x_wconf 64' lang='grc' dir='ltr'><strong><em>ἤστην</em></strong></span> <span class='ocrx_word' id='word_1_344' title='bbox 1193 2675 1298 2722; x_wconf 69' lang='grc' dir='ltr'><em>σοφώ.</em></span> <span class='ocrx_word' id='word_1_345' title='bbox 1588 2677 1590 2680; x_wconf 55' lang='grc'>’</span> 
     </span>
    </p>
   </div>
  </div>
 </body>
</html>
