1624 2904
486 935 945 979 DISPIJTA‘rlo

675 1052 710 1094 D
721 1053 758 1094 E

236 1177 752 1229 EUTHYDEMO
780 1173 1210 1226 PLATONIS.

171 1449 464 1503 Sopbistarum,
502 1452 570 1503 qui
606 1451 646 1490 in
674 1451 838 1504 scriptis
867 1449 1046 1489 Platonis
1075 1459 1397 1496 commemoran-

61 1513 140 1558 tur,
172 1509 248 1547 duo
276 1510 522 1560 potissimum
552 1521 703 1560 genera
731 1509 964 1548 discernere
991 1508 1104 1556 licet,
1135 1519 1303 1560 quorum
1332 1510 1396 1549 ta,-

62 1580 154 1607 men
192 1566 354 1605 alterum
389 1579 478 1605 cum
519 1566 650 1605 altero
689 1566 814 1605 multa
850 1565 991 1604 habuit
1020 1565 1253 1604 communia.
1314 1563 1398 1604 Alii

66 1626 168 1663 enim
187 1624 436 1674 reperiuntur
459 1628 599 1662 ornate
621 1623 780 1662 dicendi
799 1623 967 1662 maxime
993 1626 1035 1661 et
1056 1621 1314 1673 eloquentiae
1333 1620 1397 1659 fa·

64 1682 217 1719 cultate
245 1679 282 1718 id
312 1680 511 1720 studuisse
541 1681 733 1728 efficere
769 1684 815 1719 ut
842 1680 1050 1718 audientes
1080 1679 1294 1718 delinirent
1322 1677 1399 1716 de·-

64 1738 314 1787 linitosque
302 1750 340 1776 1n
378 1739 439 1777 sui
468 1737 770 1777 admirationem
799 1741 1000 1789 raperent.
1061 1737 1263 1775 lactarunt
1292 1735 1398 1774 enim

64 1807 142 1835 non
171 1793 289 1832 modo
315 1795 422 1842 illud,
451 1795 555 1846 quod
585 1808 713 1846 paene
744 1807 880 1834 omnes
912 1794 1222 1846 profitebantur,
1251 1792 1402 1831 docere

67 1865 112 1892 se
151 1863 295 1902 posse,
338 1853 532 1903 quomodo
573 1865 691 1891 causa
734 1852 926 1893 inferior
949 1852 1162 1890 zerborum
1206 1849 1402 1889 industria

68 1908 252 1960 superior
286 1908 420 1958 fieret,
455 1922 590 1948 verum
633 1910 753 1949 etiam
793 1921 972 1961 magnam
1012 1909 1219 1947 doctrinae
1247 1906 1403 1958 copiam

70 1973 111 2004 et
149 1965 371 2004 ubertatem
409 1967 644 2005 affectantes
683 1979 776 2005 sese
815 1967 1051 2005 dictitarunt
1090 1965 1140 2004 de
1171 1965 1309 2018 quovis
1339 1976 1405 2002 ar-

69 2026 256 2074 gumento
295 2023 424 2062 statim
464 2024 629 2075 copiose
668 2023 945 2076 disputaturos
975 2028 1098 2074 atque
1127 2024 1167 2061 in
1198 2021 1405 2061 conventi-

69 2081 144 2119 bus
177 2079 426 2129 postularunt
464 2080 514 2119 de
553 2094 628 2131 qua
667 2093 714 2119 re
753 2083 923 2133 quisque
952 2080 1090 2119 audire
1119 2079 1252 2118 vellet.
1315 2079 1405 2128 Quo

69 2138 111 2176 in
139 2148 286 2187 genere
315 2136 520 2188 Gorgiam,
547 2138 762 2189 Hippiam.
805 2138 987 2189 aliosque
1013 2136 1194 2176 studiose
1224 2136 1407 2174 elabora-

71 2195 179 2231 visse
219 2206 334 2244 quum
365 2194 519 2233 aliunde
549 2200 632 2233 tum
665 2208 713 2233 ex
742 2195 921 2233 Platonis
966 2195 1130 2245 scriptis
1178 2194 1408 2232 certissime

73 2254 241 2289 constat.
296 2251 359 2289 Ab
395 2250 535 2290 horum
569 2253 727 2291 ratione
764 2253 1008 2302 aliquantum
1037 2251 1314 2290 discesserunt
1340 2249 1409 2301 qui
1444 2278 1446 2281 -

75 2308 218 2345 eximie
246 2307 511 2358 sophistarum
530 2311 687 2348 nomine
704 2310 977 2360 appellantur3
1006 2309 1071 2360 qui
1091 2308 1249 2359 quidem
1273 2319 1410 2359 quam-

73 2366 130 2402 vis
155 2376 230 2402 nec
259 2365 336 2414 ipsi
356 2363 511 2403 dicendi
537 2370 662 2404 artem
683 2367 900 2417 aspernati,
928 2370 1062 2403 tamen
1091 2365 1266 2404 studium
1296 2375 1412 2403 suum

76 2428 196 2471 atque
224 2421 454 2460 iudustriam
487 2424 700 2475 praecipue
730 2424 778 2462 ad
798 2422 1024 2463 disserendi
1047 2422 1284 2460 facultatem
1315 2432 1412 2459 cou-

76 2479 256 2517 tulerunt
284 2483 325 2516 et
364 2490 412 2516 ex
440 2479 516 2517 hac
543 2492 618 2519 una
646 2482 814 2520 maxime
843 2480 1011 2532 gloriam
1040 2484 1161 2530 atque
1194 2478 1412 2517 auctorita-

78 2541 159 2574 tem
201 2534 489 2586 quaesiverunt.
554 2536 667 2576 Hanc
715 2551 812 2577 vero
851 2537 1100 2577 dialecticam
1146 2535 1414 2574 subtilitatem

79 2594 155 2631 iam
194 2591 434 2643 Protagoras
464 2592 702 2643 Abderites,
739 2595 858 2634 liuius
899 2593 1078 2633 familiae
1106 2593 1323 2645 princeps,
1364 2590 1416 2629 ad

79 2650 281 2688 sorensem
311 2662 425 2688 usum
455 2654 498 2689 et
527 2651 855 2691 consuetudinem
891 2650 1092 2700 traduxit,
1121 2661 1249 2702 eaque
1276 2661 1324 2688 re
1353 2647 1417 2686 et-

81 2707 205 2754 iecit,
244 2709 290 2745 ut
316 2719 394 2745 non
422 2708 538 2758 pauci
567 2708 667 2747 hanc
697 2709 946 2762 disciplinam
975 2711 1163 2760 tanquam
1212 2706 1418 2758 egregiam

81 2776 288 2805 causarum
339 2769 454 2805 recte
506 2765 748 2818 agendarum
801 2765 1039 2807 adiutricem
1082 2763 1246 2817 plurimi
1293 2760 1417 2802 aesti-

958 2839 1039 2882 1*
