1624 2904
407 939 998 990 PROLEGOMENA

660 1071 727 1117 m

274 1191 1117 1260 RIVALES.

140 1443 373 1498 Quanquam
409 1442 479 1485 hic
512 1441 676 1483 libellus
704 1453 832 1495 genus
869 1439 1028 1482 dicendi
1058 1439 1183 1482 habet
1211 1452 1372 1493 purum,

29 1505 200 1551 castum,
228 1503 407 1553 elegans,
434 1500 535 1541 nihil
564 1504 611 1540 ut
637 1500 805 1540 inveniri
833 1502 977 1551 queat,
1006 1498 1112 1551 quod
1139 1511 1164 1538 a
1190 1498 1371 1539 Platonis

29 1559 95 1599 vel
141 1559 425 1611 Xenophontis
482 1557 684 1610 elegantia
730 1556 971 1606 abhorreat,
1021 1560 1158 1596 tamen
1207 1557 1301 1608 quin
1348 1568 1374 1595 a

29 1617 299 1657 Boeckhio
337 1617 379 1656 in
406 1614 508 1654 Min.
537 1627 579 1667 p.
616 1614 686 1653 33.
725 1612 1231 1653 Schleiermachero
1262 1613 1372 1664 Opp.

28 1673 132 1715 Plat.
154 1672 205 1716 T.
235 1673 286 1713 Π.
313 1671 361 1714 Ρ.
390 1670 459 1712 111.
481 1685 522 1724 p.
543 1671 628 1710 279
651 1683 739 1722 sqq.
769 1671 937 1719 Anio,
966 1669 1213 1719 Sochero‚
1240 1669 1374 1709 Kne-

29 1730 205 1779 helio,
244 1729 357 1778 aliis,
397 1728 487 1768 iure
521 1728 752 1778 meritoque
790 1739 867 1779 pro
905 1727 1172 1778 suppositicio
1210 1726 1374 1766 habitus

33 1788 110 1836 sit,
143 1786 446 1839 haudquaquam
483 1784 723 1824 dubitamus.
777 1784 860 1823 Est
902 1784 1008 1823 enim
1037 1784 1206 1823 materia
1235 1784 1374 1836 operis

33 1845 134 1885 adeo
164 1856 244 1884 non
272 1843 322 1882 ad
350 1842 529 1881 Platonis
556 1846 734 1881 mentem
761 1842 1042 1892 rationemque
1071 1840 1299 1889 elaborata,
1326 1843 1376 1881 ut

33 1902 172 1955 potius
201 1900 325 1939 cuivis
363 1899 431 1938 alii
459 1899 758 1939 Socraticorum
787 1911 903 1950 quam
931 1897 1027 1938 huic
1053 1902 1171 1943 recte
1201 1897 1378 1939 adscribi

32 1971 159 2013 posse
186 1956 382 1998 videatur.

149 2013 319 2054 Constat
357 2011 539 2064 dialogus
568 2010 719 2050 duabus
751 2011 959 2063 partibus,
997 2024 1165 2064 quarum
1192 2023 1271 2051 una
1299 2009 1378 2051 do-

38 2075 157 2113 cetur
185 2069 487 2124 philosophiam
522 2080 602 2108 non
638 2069 681 2108 in
708 2069 814 2108 varia
851 2073 895 2108 et
919 2068 1135 2121 multiplici
1162 2070 1379 2109 multarum

37 2129 184 2170 artium
213 2128 382 2169 scientia
420 2129 464 2165 et
502 2126 730 2177 cognitione
756 2126 973 2174 contineri,
1012 2127 1135 2166 talem
1165 2126 1270 2166 enim
1301 2126 1380 2165 do-

41 2186 194 2227 ctrinae
230 2185 389 2251 copiam
424 2186 468 2222 et
504 2184 755 2232 ubertatem,
796 2184 887 2235 quia
923 2183 1016 2222 fere
1056 2184 1283 2224 subtilitate
1311 2195 1380 2222 ea-

40 2246 155 2292 reat,
194 2253 336 2295 parum
369 2240 521 2280 habere
558 2239 768 2279 utilitatis·
804 2240 934 2280 altera
970 2239 1064 2280 iude
1097 2253 1122 2279 a
1160 2253 1253 2293 pag.
1285 2240 1382 2282 137.

43 2300 94 2342 A.
123 2299 349 2340 ostenditur
376 2296 642 2350 quaerendam
659 2296 768 2336 illam
798 2310 890 2337 esse
917 2299 959 2337 in
975 2298 1128 2337 iustitia
1157 2311 1246 2338 cum
1276 2302 1381 2338 tem-

43 2358 226 2411 perantia
261 2355 472 2408 eopulata,
509 2367 587 2406 qua
626 2354 721 2403 fiat,
758 2357 806 2394 ut
839 2358 883 2394 et
919 2355 1020 2395 alios
1056 2356 1256 2407 castigare
1283 2367 1382 2407 pru·

46 2413 190 2454 «lenter
224 2417 347 2465 atque
379 2412 569 2451 meliores
606 2411 781 2451 reddere
815 2413 1040 2463 possimus,
1079 2417 1122 2451 et
1158 2412 1209 2451 ad
1245 2424 1380 2451 veram

47 2474 131 2510 tum
166 2470 335 2511 aliorum
372 2469 577 2508 homiuum
611 2473 701 2508 tum
736 2470 866 2508 nostri
901 2469 1082 2522 ipsorum
1110 2470 1383 2522 cognitionem

49 2528 345 2580 perveniamus:
388 2539 479 2566 nam
514 2527 572 2565 ita
607 2525 767 2566 demum
795 2525 1085 2578 philosophum
1119 2527 1293 2566 evadere
1320 2527 1382 2565 vi-

49 2596 137 2624 rum
164 2585 325 2637 publice
351 2584 618 2637 privatimque
634 2582 791 2631 utilem,
819 2583 855 2622 si
883 2589 927 2624 et
947 2584 1043 2624 boni
1069 2585 1180 2635 regis
1211 2590 1255 2623 et
1284 2595 1382 2635 pru-

51 2641 182 2682 dentia
208 2642 462 2693 imperatoris
501 2645 547 2681 et
574 2640 739 2679 honesti
765 2641 1070 2692 patrisfamilias
1100 2641 1251 2681 officiis
1280 2651 1383 2679 unus

51 2699 224 2740 omnium
252 2701 406 2752 optime
433 2698 674 2739 satisfacere
703 2699 849 2750 possit.

977 2764 1084 2801 20·
