1624 2904
273 162 355 204 ΒΕ
385 159 810 204 EUTHYDEMO
850 160 1194 206 PLATONIS.
1351 164 1406 203 41

65 279 169 332 quod
199 279 422 318 eosetiam
447 277 487 316 in
516 276 604 316 aliis
633 276 831 315 sermonis
862 276 1041 326 partibus
1064 276 1272 327 sophistae
1300 277 1408 316 illius

66 337 345 377 auctoritatem
376 339 570 386 sequutus
603 346 696 373 esse
727 333 975 385 exploratum
1006 333 1211 376 habemus.

179 439 372 490 Sequitur
401 439 478 476 iam
510 448 649 475 rursus
678 437 889 488 repentina
917 437 968 475 ad
997 436 1101 475 aliud
1133 442 1409 488 argumentum

64 484 263 539 transitio.
342 496 556 545 Postquam
609 494 714 533 enim
765 494 957 533 Socrates
1006 495 1156 533 urbane
1205 495 1412 534 admonuit

64 555 322 607 Ctesippum,
363 566 413 591 ne
450 552 501 590 de
536 552 658 590 rebus
696 551 796 591 adeo
837 552 986 603 pulcris
1028 552 1260 590 cachinnum
1294 553 1412 592 tollat

63 611 366 664 Dionysodorus
416 610 521 648 hunc
562 610 709 660 ingerit
750 609 1039 661 syllogismum.
1108 608 1192 648 Res
1234 610 1412 660 pulcrae,

62 670 204 720 inquit,
236 670 312 707 etsi
341 668 389 706 ab
419 667 508 718 ipso
538 667 678 716 pulcro
709 666 890 705 diversae
914 671 1019 713 sunt,
1051 671 1184 705 tamen
1217 667 1412 716 quandam

65 739 203 766 secum
232 727 380 764 habent
411 723 729 775 pulcritudinem.
788 725 901 776 Ergo
933 726 1073 762 bovem
1105 725 1138 762 si
1172 729 1305 762 tecum
1336 724 1414 762 ha·-

63 784 139 824 bes
176 785 264 835 ipse
305 782 415 821 bovis
454 787 632 820 naturam
670 781 811 820 induis.
870 781 957 820 Nisi
987 782 1098 820 forte
1127 782 1217 819 fieri
1247 794 1414 832 prorsus

65 853 144 880 non
173 846 331 892 potest,
362 843 406 878 ut
435 839 540 889 quod
571 840 619 877 ab
649 839 726 877 alio
758 840 940 890 quopiam
972 838 1171 877 diversum
1205 839 1258 877 sit
1286 838 1329 877 id
1358 839 1415 878 sit

65 898 165 938 illud
194 899 345 950 ipsum,
376 910 399 935 a
437 908 516 947 quo
556 896 757 936 diversum
787 909 880 936 esse
907 896 1108 935 iudicetur
1137 893 1195 950 *).

181 1000 373 1052 Apertum
414 1012 507 1038 esse
536 999 778 1038 arbitramur
819 999 1044 1052 impugnari
1072 999 1136 1038 his
1168 999 1301 1038 verbis
1332 997 1415 1039 So-

68 1057 256 1097 craticm
295 1057 515 1096 doctrinam
555 1057 606 1095 de
644 1057 872 1096 notionibus
910 1057 1166 1110 generalibus
1197 1057 1318 1096 earun
1336 1069 1416 1108 que

66 1126 155 1153 cun
187 1116 306 1154 rebus
337 1114 545 1153 individuis
576 1114 931 1164 necessitudinem,
961 1115 1066 1154 unde
1086 1114 1201 1152 Plato
1233 1117 1414 1153 notioni-

66 1171 142 1213 bu<
173 1173 255 1211 illis
283 1171 595 1230 ,ιιεταφυσικῶς
632 1171 860 1211 informatis
890 1184 1002 1212 suam
1031 1172 1083 1210 de
1109 1172 1211 1210 ideis
1246 1177 1414 1211 senten-

67 1231 163 1269 tiam
195 1230 365 1272 effinxit.
422 1228 523 1269 Nam
553 1229 632 1268 hoc
662 1229 876 1268 discrimen
906 1242 1004 1269 sane
1031 1230 1138 1268 inter
1169 1229 1415 1268 Socraticam

69 1290 114 1326 et
140 1299 237 1326 vere
275 1286 520 1326 Platonicam
551 1288 744 1325 rationem
777 1288 1057 1335 intercedere,
1106 1286 1210 1336 quod
1250 1287 1321 1325 illa
1350 1291 1417 1326 est

69 1356 184 1384 mere
219 1341 398 1396 λογικῇ,
438 1344 539 1382 haec
576 1340 877 1399 μεταφυσική,
918 1345 1036 1383 claris
1073 1344 1208 1382 verbis
1240 1348 1417 1383 testatur

71 1400 346 1440 Aristotel.
385 1400 617 1452 Metaphys.
673 1399 781 1443 Xlll.
825 1402 866 1441 4.
895 1402 988 1440 coll.
1027 1400 1057 1439 l.
1083 1401 1123 1439 6.
1184 1401 1415 1452 Quanquam

72 1458 140 1497 hic
177 1457 336 1508 quidem
372 1457 583 1496 Platonem
622 1458 801 1497 videmus
841 1460 918 1498 iam
950 1471 1059 1498 suam
1090 1458 1216 1508 ipsius
1248 1463 1417 1497 senten-

73 1516 168 1554 tiam
204 1515 444 1566 signiflcare,
475 1527 550 1565 qua
580 1527 713 1553 rerum
754 1517 830 1554 vim
860 1520 1120 1565 naturamque
1149 1515 1251 1554 ideis
1283 1516 1413 1554 conti-

73 1573 162 1612 neri
208 1573 358 1612 statuit.
433 1573 629 1621 Quocirca
675 1572 758 1611 illis
807 1574 1078 1624 temporibus,
1128 1574 1269 1622 quibus
1310 1574 1417 1612 hunc

75 1630 237 1681 scripsit
281 1629 506 1681 dialogum,
549 1642 571 1668 a
600 1629 808 1669 Socratica
834 1632 1041 1670 notionum
1075 1632 1419 1682 pervestigatione

72 1687 150 1726 iam
189 1687 356 1725 ulterius
398 1687 647 1738 processisse
679 1687 838 1726 videtur
876 1688 924 1727 ad
964 1688 1183 1726 doctrinam
1225 1688 1274 1726 de
1314 1688 1416 1727 ideis
1473 1686 1483 1693 ‘

72 1743 383 1791 informandam,
423 1756 539 1794 quam
579 1744 722 1783 deinde
755 1746 881 1797 magis
912 1745 1086 1796 perfecit
1120 1752 1239 1796 atque
1269 1746 1418 1784 confir·-

74 1802 208 1843 mavit.
246 1814 282 1842 v.
319 1801 507 1854 Prole-gg.
547 1802 595 1840 ad
628 1802 861 1853 Cratylum‚
905 1809 1018 1853 parte
1050 1810 1148 1844 extr.
1211 1803 1290 1841 lam
1322 1816 1418 1841 vero

77 1871 220 1910 magna
258 1863 346 1897 erat
384 1858 435 1896 de
471 1860 533 1897 his
575 1861 696 1898 rebus
737 1860 1035 1899 Socraticorum
1077 1865 1118 1898 et
1150 1861 1416 1899 Eristicorum

77 1915 275 1954 dissensio
315 1920 434 1967 atque
473 1918 761 1956 controversia.
832 1918 895 1957 llli
933 1920 1036 1956 enim
1078 1919 1202 1956 varias
1234 1921 1418 1957 notiones

78 1973 185 2011 inter
213 1985 259 2012 se
288 1974 471 2025 coniungi
502 1979 622 2025 atque
653 1975 832 2025 copulari
862 1988 985 2027 posse
1017 1976 1271 2022 statuebant,
1310 1976 1439 2014 vole--

78 2030 256 2081 bantque
306 2042 372 2068 res
413 2031 589 2082 singulas
638 2033 711 2070 sub
752 2034 898 2071 mentis
939 2034 1104 2071 notitias
1146 2034 1422 2083 generaliores

82 2088 282 2126 subiectas
313 2099 418 2135 esse3
449 2088 491 2126 hi
521 2094 653 2127 autem
674 2091 854 2140 quoniam
885 2091 1002 2128 istius
1034 2092 1327 2128 coniunctionis
1358 2103 1422 2129 ra-

81 2145 229 2183 tionem
262 2145 420 2183 minime
450 2147 771 2197 perspiciebant,
813 2160 1129 2198 unamquamque
1162 2161 1246 2186 rem
1279 2161 1421 2186 cense-

84 2202 179 2240 bant
219 2215 329 2240 suam
376 2203 452 2241 sibi
480 2203 630 2241 habere
660 2205 952 2255 proprietatem
983 2218 1149 2255 eamque
1181 2207 1231 2244 ob
1262 2219 1423 2245 causam

85 2259 385 2298 attributionum
423 2260 652 2299 varietatem
693 2263 927 2313 aspernari,
965 2263 1003 2300 in
1043 2263 1426 2314 ea1u.,disputabant

87 2317 348 2363 sententiam,
388 2321 435 2355 ut
464 2316 618 2356 diversa
647 2318 814 2357 diversis
846 2320 1058 2357 convenire
1086 2326 1279 2371 negarent
1310 2321 1426 2359 ideo-

89 2385 166 2424 que
193 2373 256 2422 id,
287 2374 393 2424 quod
427 2374 477 2412 ‹le
507 2375 635 2424 aliqua
663 2389 710 2414 re
744 2377 1060 2427 praedicaretur,
1092 2384 1321 2416 statuerent
1350 2391 1426 2417 non

86 2430 127 2468 in
155 2431 244 2481 ipsa
273 2432 359 2469 eius
388 2431 426 2469 vi
444 2436 486 2469 et
514 2437 652 2470 natura
683 2446 774 2471 esse
797 2441 1043 2483 contentum,
1074 2435 1146 2473 sed
1178 2437 1427 2474 extrinsecus

89 2490 270 2538 tanquam
311 2487 481 2527 alienum
513 2489 696 2540 quiddam
728 2491 767 2529 ei
797 2491 1010 2531 admoveri.
1068 2492 1168 2531 Nam
1204 2493 1306 2531 haec
1337 2494 1429 2544 qui-

90 2543 180 2584 dem
219 2557 332 2586 mens
370 2550 415 2586 et
453 2547 653 2588 sententia
681 2547 812 2589 fuisse
849 2549 1008 2589 videtur
1038 2560 1205 2600 eorum,
1244 2552 1313 2603 qui
1350 2551 1431 2591 hoc

134 2743 176 2789 ²)
197 2746 280 2788 Pag.
305 2747 385 2781 301.
