1624 2904
283 137 365 180 DE
404 131 838 179 EUTHYDEMO
880 131 1223 176 PLATONIS.
1367 133 1425 176 27

74 251 191 292 falsis
221 251 500 304 opinionibus,
530 262 604 289 nec
631 247 863 300 insipientia
893 246 973 286 erit
999 247 1082 286 ulla
1110 261 1187 287 nec
1213 249 1423 301 reperien-

76 316 143 350 tur
179 310 428 362 insipientes.
486 307 721 359 lusipie'ntia
758 310 892 344 autem
932 310 1088 344 remota
1127 307 1331 358 sequitur,
1378 312 1424 348 ut

78 379 241 418 semptr
286 372 403 406 recte
442 377 603 417 agamus
649 376 725 403 nec
763 375 935 413 unquam
975 374 998 399 a
1037 374 1134 401 vero
1174 364 1420 404 aberremus.

76 424 193 474 Quod
234 425 270 463 si
304 425 360 463 ita
398 427 487 471 est,
528 419 633 460 haud
676 432 772 460 sane
811 419 1073 471 intelligit-ur,
1123 421 1191 471 qui
1226 421 1338 460 vobis
1381 423 1424 462 in

77 486 255 520 mentem
283 482 423 520 venire
451 484 573 532 queat
602 490 673 517 vos
703 477 927 528 sapientiae
957 481 1000 515 et
1028 477 1188 516 virtutis
1209 480 1423 531 magistros

75 538 262 591 profiteri
289 536 347 592 ³⁶¹).
375 559 429 568 -
488 536 676 575 Sentieus
726 535 805 573 iam
850 533 1059 584 sophista,
1112 547 1301 586 quorsum
1345 537 1424 576 ista

75 596 367 647 argumentatio
401 594 602 640 evaserit,
639 596 837 644 protenus
872 591 1016 629 callido
1064 592 1192 630 utitur
1234 594 1423 643 artificio,

76 665 156 705 quo
188 665 274 691 eam
303 655 427 690 totam
458 650 607 689 eludat.
666 649 853 687 Graviter
881 649 985 686 enim
1017 647 1227 688 Socratem
1265 651 1424 702 iitupe-

76 717 162 759 rat,
201 708 307 761 quod
346 707 534 760 proferat
562 706 663 744 adeo
694 706 877 756 antiqua,
918 705 1109 744 videlicet
1139 706 1230 745 dum
1262 708 1423 747 virtutis

76 770 274 806 memoret
302 765 577 817 disciplinam,
608 776 723 814 quam
756 762 909 801 eristici
938 768 1056 801 antea
1086 768 1199 802 crant
1230 765 1424 814 professi,

75 836 208 875 neque
247 824 287 862 in
326 822 532 875 praesenti
568 822 738 860 materia
778 820 984 862 subsistat.
1042 819 1133 858 Hoc
1168 826 1299 860 autem
1332 835 1422 862 eum

76 881 168 920 ideo
197 880 338 921 facere
376 879 550 926 iudicat,
593 878 685 929 quia
714 889 811 916 non
839 877 933 915 hab
946 889 1034 915 ere
1063 877 1270 927 videatur,
1301 879 1424 930 quid

75 937 143 978 iis
172 937 349 983 faciat,
380 948 607 988 quaenunt:
630 936 679 973 ab
708 936 800 987 ipso
830 933 938 973 dicta
963 934 1057 975 sint.
1117 935 1273 975 Callide
1300 938 1425 989 igitur

75 994 306 1035 istomodo
336 994 534 1046 loquitur,
565 1005 616 1031 ne
646 991 908 1031 dissentiendi
938 990 1222 1044 refutandique
1250 995 1424 1033 vocabu-

76 1052 119 1091 lo
146 1057 265 1092 utens
304 1052 395 1104 ipse
431 1051 652 1090 refutetur.
719 1049 872 1090 Verum
903 1048 1093 1088 Socrates
1129 1051 1249 1089 istam
1280 1051 1424 1090 odora-

77 1113 146 1148 tus
183 1108 443 1148 calliditatem
482 1109 617 1147 statim
656 1110 776 1158 urget
816 1118 863 1145 ac
893 1106 1045 1157 premit
1074 1107 1183 1145 istud
1213 1121 1309 1148 non
1339 1109 1423 1148 ha-

77 1167 206 1206 bere
237 1166 359 1218 quid
388 1166 562 1206 faciat.
619 1164 711 1203 Hoc
731 1164 836 1203 enim
858 1163 1077 1202 arbitratur
1106 1164 1246 1204 nihil
1276 1166 1423 1206 aliud

78 1224 180 1264 sibi
217 1223 360 1262 v'elle
399 1218 630 1277 (ἐννοεῖν),
671 1234 788 1273 qnam
827 1232 923 1259 non
965 1233 1127 1272 posse
1154 1222 1423 1267 refutare.

78 1281 134 1321 At
171 1293 268 1320 vero
309 1293 450 1319 errore
486 1279 643 1319 sublato
673 1290 923 1328 consequeus
954 1290 1070 1325 esse,
1110 1282 1156 1317 ut
1186 1292 1236 1318 ne
1264 1281 1426 1320 refuta-

79 1338 181 1377 tioni
220 1337 379 1388 quidem
418 1337 532 1375 locus
570 1337 636 1377 sit.
694 1335 754 1374 lta
784 1336 908 1386 igitur
937 1335 1122 1385 sophista
1150 1336 1192 1374 in
1223 1342 1424 1379 extremas

81 1394 339 1446 compellitur
377 1393 594 1444 angustias.
667 1391 749 1431 Sed
777 1391 871 1443 quid
900 1391 1000 1431 ille‘!
1058 1391 1255 1433 Nimirum
1284 1400 1330 1434 ut
1359 1409 1426 1435 cae

80 1453 240 1504 ptiosae
284 1450 531 1490 conclusioni
581 1449 783 1496 elabatur,
833 1449 979 1488 relicta
1014 1451 1219 1500 praesenti
1256 1454 1427 1496 materia

82 1509 212 1560 carpit
262 1507 361 1546 illud
402 1508 556 1558 ipsum,
617 1518 696 1557 quo
744 1505 935 1546 Socrates
983 1519 1079 1545 usus
1127 1512 1238 1557 erat,
1285 1510 1425 1551 nihil

82 1565 227 1605 aliud
257 1564 366 1604 sibi
391 1564 555 1611 velle,
586 1563 691 1615 quod
720 1564 859 1614 inepte
889 1567 931 1602 et
961 1563 1136 1603 absurde
1169 1565 1248 1605 dici
1277 1569 1424 1619 arguit,

80 1623 171 1675 quia
198 1622 390 1661 vocabula
418 1625 581 1660 careant
618 1633 740 1660 sensu
778 1626 822 1660 et
859 1621 1028 1660 ratione.
1086 1621 1238 1662 Verum
1277 1623 1424 1664 Socra-

79 1684 146 1719 tes
193 1692 333 1719 rursus
381 1679 507 1730 ipsius
557 1678 767 1730 sophistae
819 1677 1013 1718 adhibens
1061 1680 1423 1728 conclusiunculas.

81 1738 166 1776 sive
194 1741 309 1776 recte
336 1736 528 1787 loquutus
558 1736 634 1782 sit,
665 1736 749 1774 sive
777 1748 855 1775 non
886 1741 1013 1783 recte,
1043 1736 1153 1775 nullo
1182 1738 1302 1778 modo
1330 1740 1424 1781 fieri

80 1807 206 1847 posse
234 1793 462 1842 contendit,
491 1797 536 1833 nt
563 1794 714 1832 erroris
745 1793 1000 1849 convincatur
1016 1790 1096 1848 **).

191 1873 360 1913 Frustra
398 1885 474 1925 per
509 1872 613 1912 hanc
650 1873 848 1912 sermonis
877 1876 1036 1925 partem
1064 1877 1220 1914 certum
1252 1874 1439 1928 aliquem'

82 1931 264 1982 anquiras
293 1931 582 1971 sententiarum
614 1934 658 1970 et
685 1931 1070 1981 argumentationum
1101 1932 1305 1981 ordinem3
1334 1947 1424 1974 nam

84 1987 296 2039 sophistae
331 1987 551 2026 desultoria
586 1987 751 2027 levitate
790 1988 891 2026 adeo
931 1989 1087 2028 incerta
1130 1990 1191 2028 via
1230 1997 1426 2041 vagantur

84 2048 131 2084 et
157 2045 371 2093 oberrant,
400 2049 445 2083 ut
475 2057 734 2096 quaecunque
763 2046 1003 2096 argutiarum
1036 2051 1079 2085 et
1115 2048 1425 2099 praestigiarum

86 2103 345 2141 ostentationi
371 2101 503 2152 aliquo
533 2101 652 2140 modo
683 2103 878 2141 inservire
915 2104 1098 2154 possint,
1149 2117 1196 2147 ea
1231 2106 1427 2156 arripiant

86 2159 345 2210 cupidissime
376 2163 419 2196 et
447 2159 496 2197 ad
525 2159 625 2197 alios
655 2158 854 2198 fallendos
885 2159 1225 2213 decipiendosque
1244 2163 1427 2203 studiose

86 2216 312 2258 adhibeant.
368 2215 454 2254 Nec
494 2220 626 2256 tamen
667 2217 896 2256 existimare
932 2217 1030 2257 licet
1067 2219 1146 2257 ista
1184 2220 1316 2259 omnia
1364 2225 1427 2260 te-

87 2285 199 2312 mere
235 2275 291 2312 ita
328 2272 432 2324 apud
472 2272 680 2312 Platonem
715 2274 899 2314 instituta
936 2287 1041 2317 esse.
1101 2275 1202 2315 Nam
1233 2278 1428 2328 quemad-

89 2330 247 2369 modum
277 2336 394 2368 antea
422 2329 624 2369 luculento
655 2331 839 2382 exemplo
870 2332 1185 2377 demonstratum
1217 2339 1301 2383 est,
1334 2335 1429 2387 quid

88 2387 143 2426 sit
181 2387 302 2434 illud,
340 2387 380 2426 in
421 2399 500 2437 quo
540 2386 718 2427 Socratis
757 2389 979 2442 disputatio
1018 2391 1169 2430 versari
1200 2391 1353 2439 soleat,
1387 2397 1430 2431 et

88 2456 205 2496 quam
242 2444 363 2496 longe
399 2455 446 2488 ea
481 2443 561 2486 hoo
597 2446 757 2490 nomine
791 2459 815 2488 a
851 2446 1125 2503 sophistarum
1175 2449 1430 2504 opinionibus

157 2644 192 2683 ”)
218 2646 334 2684 Usque
359 2646 399 2678 ad
425 2655 458 2686 p.
485 2649 564 2679 287.
587 2648 629 2684 A.

132 2711 190 2753 ²'')
217 2714 331 2752 Usque
354 2716 393 2746 ad
420 2725 453 2755 p.
477 2717 555 2750 288.
579 2718 622 2749 Α.
