1624 2904
390 167 446 210 IN
474 162 962 210 EUTHYPHRONEM.
1273 161 1358 203 1³5

0 287 104 328 ,tatis
147 286 324 327 rationes
362 293 502 323 omnes
539 281 642 322 adeo
678 278 896 331 diligenter
936 279 1162 331 exploratas
1186 278 1351 330 habeat,

0 349 54 384 nt
78 345 156 395 ipsi
183 343 291 382 nulla
318 341 395 381 hac
422 342 464 380 in
492 353 540 380 re
566 339 678 379 fraus
705 337 923 377 metuenda
950 339 1016 376 sit.
1083 336 1201 387 Quod
1231 339 1350 388 post-

0 414 124 454 lquam
161 401 232 440 ille
268 411 409 451 magna
447 411 536 438 cum
564 396 758 449 gravitate
787 395 1025 441 affirmavit,
1054 393 1245 433 Socrates
1276 406 1350 432 ur-

0 459 221 499 lbanissime
248 452 452 496 hominem
479 458 611 506 rogat,
637 458 684 491 ut
711 452 788 496 sibi
817 463 978 504 quoque
1007 452 1205 500 consulat,
1233 451 1350 490 ideo·-

0 525 87 568 ·qne
125 520 219 554 ante
259 515 390 554 omnia
416 512 574 551 hoc‘ab
603 522 653 550 eo
682 510 809 561 petit,
840 514 887 548 ut
917 521 1020 559 quae
1048 509 1106 554 sit
1135 514 1274 547 natura
1303 510 1348 547 et

0 574 64 613 uvis
92 572 255 624 pietatis
280 572 410 623 ipsum
438 569 630 609 edoceat:
669 580 756 606 nam
789 567 868 606 hoc
893 563 1106 606 intellecto
1135 566 1243 604 haud
1272 565 1347 604 du-

0 630 71 670 bie
107 629 286 669 futurum
325 640 441 675 esse,
478 630 525 666 ut
552 624 699 664 Meleti
733 625 1028 664 accusationem
1064 622 1249 662 feliciter
1274 622 1348 662 de-

0 687 128 733 clinet
165 691 208 726 et
245 683 485 736 effugias).
542 682 779 733 Respondet
807 682 1049 734 Euthyphro
1078 682 1346 733 pietatem

0 745 54 789 in
94 755 153 783 eo
190 744 307 794 ipso
335 741 508 789 cerni,
546 740 652 791 quod
689 748 794 780 nnnc
822 739 1004 778 facturus
1035 738 1112 788 sit,
1143 741 1199 777 ut
1228 738 1345 788 quis

0 801 210 842 [iniuste
247 798 542 844 facientes,
573 797 864 849 quicunque
901 795 1095 836 demum
1135 795 1266 844 sint,
1292 795 1346 834 in
1415 807 1418 810 ·

0 858 251 908 indicium
296 857 487 908 rapiat:
533 855 575 894 id
615 855 720 893 enim
761 867 810 894 ex
850 854 976 906 ipsius
1015 854 1120 894 Iovis
1158 852 1350 904 exemplo

0 925 216 968 upparere,
250 914 318 964 qui
356 926 407 952 ue
443 913 550 964 patri
584 912 744 962 quidem
785 916 867 951 sno'
900 912 1146 964 pepercerit.
1215 910 1344 960 Quam

0 980 142 1013 tamen,
159 971 460 1023 responsionem
490 969 681 1008 Socrates
712 969 787 1008 sibi
815 969 907 1009 ideo
937 974 1065 1020 negat
1087 968 1345 1015 satisfacere,

2 1030 93 1080 quia
137 1041 217 1069 non
255 1028 307 1067 de
354 1027 523 1078 singulis
560 1027 795 1077 quibusdam
843 1028 1090 1074 actionibus,
1129 1038 1231 1077 qnae
1262 1024 1343 1064 ‹li-ci

0 1087 90 1139 piae
125 1086 306 1138 possint,
338 1091 504 1136 agatur,
543 1084 618 1123 sed
655 1084 707 1122 de
734 1085 943 1123 universae
970 1084 1135 1136 pietatis
1163 1083 1343 1124 notione.

0 1143 193 1196 intelligit
222 1144 300 1182 iam
328 1142 586 1194 Euthyphro,
615 1141 708 1191 quid
733 1141 803 1180 ille
834 1142 912 1181 sibi
929 1142 1051 1181 velit:
1081 1142 1217 1190 itaque
1238 1151 1343 1179 nunc

0 1199 102 1245 hanc
139 1201 302 1252 pietatis
342 1200 531 1251 proponit
571 1199 868 1248 definitionem,
904 1203 950 1238 ut
988 1211 1075 1237 eam
1107 1197 1214 1237 dicat
1242 1209 1341 1236 con-

0 1259 124 1302 tineri
149 1259 189 1296 iu
220 1257 312 1304 iis,
341 1268 472 1307 quae
501 1256 601 1296 diis
632 1268 747 1294 cara
774 1256 891 1294 sint.
951 1256 1077 1306 Quam
1099 1255 1343 1294 sententiam

0 1316 82 1362 etsi
109 1315 299 1355 Socrates
326 1312 462 1352 laudat
489 1313 582 1352 ideo
600 1341 613 1361 ,
642 1314 734 1363 quia
762 1313 922 1362 aliquod
953 1317 1068 1352 certe
1097 1325 1223 1364 genus
1254 1312 1343 1362 pie-

0 1373 99 1418 tatis
141 1373 196 1411 sit
235 1375 467 1418 ostensum,
509 1375 643 1410 tamen
673 1369 837 1409 eandem
867 1369 982 1409 valde
1011 1371 1067 1410 ait
1096 1382 1189 1409 esse
1217 1368 1344 1408 ambi-

56 1442 141 1477 am,
181 1427 377 1478 siquidem
414 1427 502 1466 aliis
539 1428 617 1468 diis
653 1428 729 1466 alla
758 1428 942 1479 placeant
968 1439 1205 1480 *summaque
1238 1427 1345 1465 inter

18 1498 113 1540 psos
141 1497 192 1525 eo
220 1485 380 1524 nomine
414 1484 592 1523 obtineat
618 1485 906 1524 sententiarum
945 1484 1156 1524 dissensio.
1214 1483 1346 1529 Praer-

0 1547 118 1591 {crea
152 1543 272 1582 etiam
308 1542 388 1581 hoc
429 1542 646 1581 tenendum
686 1554 782 1581 esse
812 1546 974 1592 censet,
1001 1543 1111 1594 pium
1140 1553 1220 1581 non
1248 1538 1345 1592 pro-

0 1605 143 1653 pterea
181 1600 287 1651 pium
328 1600 547 1638 existimari
585 1604 800 1650 oportere,
849 1599 956 1650 quod
993 1613 1018 1639 a
1057 1599 1134 1638 diis
1173 1601 1346 1646 ametur,

0 1657 77 1711 ‘ped
105 1657 236 1708 potius
263 1670 287 1695 a
315 1654 391 1695 diis
420 1657 557 1705 amari,
586 1657 771 1706 quoniam
798 1657 906 1708 pium
937 1657 1004 1699 sit.
1061 1657 1124 1697 Ex
1152 1667 1231 1706 quo
1249 1667 1346 1704 con-

0 1715 121 1765 ..oqui
147 1714 258 1762 vult,
284 1718 332 1753 ut
359 1714 467 1765 pium
496 1718 618 1764 atque
647 1714 712 1762 id,
742 1714 847 1764 quod
877 1714 1117 1754 diis‘carum
1148 1726 1242 1752 esse
1271 1725 1344 1764 pu-

0 1774 138 1819 tetur,
164 1771 363 1810 diversum
391 1770 575 1822 quiddam
602 1771 767 1810 iudicari
787 1774 975 1823 oporteat
993 1769 1069 1818 **).
1127 1769 1346 1810 Enimvero

0 1827 246 1880 ›Euthypllro
284 1825 404 1878 quum
439 1828 643 1880 vulgarem
683 1834 928 1879 sequeretur
971 1830 1223 1880 opinionem,
1266 1839 1344 1877 qua

0 1886 115 1935 {inter
151 1886 262 1935 ipsos
298 1884 397 1924 deos
436 1885 564 1934 rixas,
600 1897 752 1937 pugnas
782 1891 825 1925 et
853 1888 1132 1926 contentiones
1160 1886 1347 1925 obtinere

0 1943 327 1991 'existimabatun
363 1941 551 1992 profecto
588 1942 746 1981 Socrati
785 1944 1011 1982 concedere
1040 1943 1198 1991 debuit,
1239 1941 1348 1992 quod

0 1999 78 2049 thio
111 2011 191 2038 nou
228 1999 399 2037 obscure
435 1999 657 2050 siguificat,
700 2000 780 2038 isto
818 2000 977 2051 quidem
1008 2001 1135 2040 -modo
1180 1999 1347 2052 pietatis

0 2057 90 2106 vwilm
127 2060 386 2104 naturamque
414 2056 478 2094 vel
507 2056 555 2094 ad
582 2057 759 2096 incertas
785 2058 962 2108 ipsorum
992 2058 1159 2097 deorum
1190 2058 1349 2108 opinio-

0 2125 88 2164 ,ιω
119 2114 184 2153 vel
222 2113 272 2152 ad
307 2112 502 2151 humanos
541 2126 702 2153 errores
737 2116 919 2153 revocari
954 2128 1084 2166 eoque
1113 2114 1294 2153 funditus
1323 2126 1349 2152 e

0 2169 147 2220 medio
175 2171 276 2212 tolli.
335 2170 533 2219 Quocirca
560 2170 748 2210 Socrates
776 2172 885 2210 illam
915 2174 1049 2223 potius
1070 2184 1143 2223 per
1157 2183 1204 2210 se
1233 2183 1349 2211 seor-

0 2232 103 2276 ‚inm
132 2240 261 2277 neque
290 2240 339 2266 ex
365 2227 537 2266 fortuito
570 2229 721 2267 eventu'
739 2229 804 2267 vel
833 2229 1010 2270 utilitate
1034 2230 1200 2270 iudicari
1229 2239 1350 2281 opor-

0 2288 107 2333 ttere
142 2286 357 2330 arbitratur
394 2290 514 2335 atque
553 2280 708 2333 πάθος
742 2286 900 2336 quidem
932 2291 1018 2327 eius
1048 2287 1245 2338 quoddam
1275 2298 1352 2325 ne-

0 2352 103 2392 ‚quu
133 2355 232 2381 vero
274 2339 428 2383 οὐσίαν
457 2343 505 2379 ab
536 2343 828 2394 Euthyphrone
857 2346 1102 2395 patefactam
1132 2357 1226 2383 esse
1255 2356 1351 2382 cen-

0 2394 202 2454 v1===t;¹¹¹‘'‘*‘).
255 2398 311 2439 Et
336 2411 433 2439 vero
462 2399 529 2439 hic
558 2400 646 2453 ipse
673 2402 750 2441 iam
779 2403 918 2454 sentit,
945 2409 1090 2457 quanta
1109 2401 1354 2443 difficultate

117 2608 152 2650 ’)
179 2611 217 2642 Ρ.
237 2612 258 2641 2
282 2628 327 2636 -
350 2614 381 2644 5.
406 2615 443 2644 C.

95 2677 153 2719 “*)
179 2680 216 2711 Ρ.
241 2681 273 2710 5.
298 2683 334 2711 C.
355 2697 400 2704 —
429 2682 483 2715 11.
508 2682 545 2716 B.

75 2743 154 2789 *”)
179 2748 216 2781 Ρ.
242 2748 296 2783 11.
319 2751 422 2783 Aen.
