<?xml version="1.0" encoding="UTF-8"?>
<!DOCTYPE html PUBLIC "-//W3C//DTD XHTML 1.0 Transitional//EN"
    "http://www.w3.org/TR/xhtml1/DTD/xhtml1-transitional.dtd">
<html xmlns="http://www.w3.org/1999/xhtml" xml:lang="en" lang="en">
 <head>
  <title>
</title>
<meta http-equiv="Content-Type" content="text/html;charset=utf-8" />
  <meta name='ocr-system' content='tesseract 3.04.00' />
  <meta name='ocr-capabilities' content='ocr_page ocr_carea ocr_par ocr_line ocrx_word'/>
</head>
<body>
  <div class='ocr_page' id='page_1' title='image "./operaomniarecens06platuoft_0434.png"; bbox 0 0 1624 2904; ppageno 0'>
   <div class='ocr_carea' id='block_1_1' title="bbox 329 193 1194 260">
    <p class='ocr_par' dir='ltr' id='par_1_1' title="bbox 329 193 1194 260">
     <span class='ocr_line' id='line_1_1' title="bbox 329 193 1194 260; baseline 0.007 -12"><span class='ocrx_word' id='word_1_1' title='bbox 329 204 418 260; x_wconf 72' lang='lat' dir='ltr'><strong>ms</strong></span> <span class='ocrx_word' id='word_1_2' title='bbox 508 194 517 204; x_wconf 85' lang='lat'><em>&#39;</em></span> <span class='ocrx_word' id='word_1_3' title='bbox 630 193 669 208; x_wconf 73' lang='lat'><strong>‘⁶</strong></span> <span class='ocrx_word' id='word_1_4' title='bbox 778 206 1194 254; x_wconf 60' lang='lat' dir='ltr'><strong>moratione-NA</strong></span> 
     </span>
    </p>
   </div>
   <div class='ocr_carea' id='block_1_2' title="bbox 319 315 1624 542">
    <p class='ocr_par' dir='ltr' id='par_1_2' title="bbox 319 315 1624 542">
     <span class='ocr_line' id='line_1_2' title="bbox 333 315 1624 373; baseline 0.003 -13"><span class='ocrx_word' id='word_1_5' title='bbox 333 318 411 360; x_wconf 82' lang='lat' dir='ltr'><strong>dos</strong></span> <span class='ocrx_word' id='word_1_6' title='bbox 446 322 569 373; x_wconf 82' lang='lat' dir='ltr'><strong>atque</strong></span> <span class='ocrx_word' id='word_1_7' title='bbox 600 319 876 362; x_wconf 77' lang='lat' dir='ltr'><strong>moderandos.</strong></span> <span class='ocrx_word' id='word_1_8' title='bbox 941 321 1092 372; x_wconf 79' lang='lat' dir='ltr'><strong>Quibus</strong></span> <span class='ocrx_word' id='word_1_9' title='bbox 1127 321 1259 362; x_wconf 81' lang='lat' dir='ltr'><strong>verbis</strong></span> <span class='ocrx_word' id='word_1_10' title='bbox 1291 321 1433 364; x_wconf 82' lang='lat' dir='ltr'><strong>auditis</strong></span> <span class='ocrx_word' id='word_1_11' title='bbox 1462 315 1624 370; x_wconf 68' lang='lat' dir='ltr'><strong>Socrate</strong></span> 
     </span>
     <span class='ocr_line' id='line_1_3' title="bbox 319 374 1624 430; baseline 0.005 -15"><span class='ocrx_word' id='word_1_12' title='bbox 319 376 510 430; x_wconf 68' lang='lat' dir='ltr'><strong>¹graviter</strong></span> <span class='ocrx_word' id='word_1_13' title='bbox 543 377 742 430; x_wconf 78' lang='lat' dir='ltr'><strong>vituperat</strong></span> <span class='ocrx_word' id='word_1_14' title='bbox 779 377 1052 417; x_wconf 82' lang='lat' dir='ltr'><strong>homuncionis</strong></span> <span class='ocrx_word' id='word_1_15' title='bbox 1088 379 1318 427; x_wconf 87' lang='lat' dir='ltr'><strong>consilium,</strong></span> <span class='ocrx_word' id='word_1_16' title='bbox 1356 382 1424 430; x_wconf 89' lang='lat' dir='ltr'><strong>qui</strong></span> <span class='ocrx_word' id='word_1_17' title='bbox 1459 380 1537 419; x_wconf 90' lang='lat' dir='ltr'><strong>hoc</strong></span> <span class='ocrx_word' id='word_1_18' title='bbox 1573 374 1624 430; x_wconf 76' lang='lat' dir='ltr'><strong>sil]</strong></span> 
     </span>
     <span class='ocr_line' id='line_1_4' title="bbox 334 430 1624 488; baseline 0.003 -17"><span class='ocrx_word' id='word_1_19' title='bbox 334 430 614 486; x_wconf 79' lang='lat' dir='ltr'><strong>proposuerit,</strong></span> <span class='ocrx_word' id='word_1_20' title='bbox 642 437 688 473; x_wconf 88' lang='lat' dir='ltr'><strong>nt</strong></span> <span class='ocrx_word' id='word_1_21' title='bbox 713 433 920 484; x_wconf 88' lang='lat' dir='ltr'><strong>aliquando</strong></span> <span class='ocrx_word' id='word_1_22' title='bbox 947 438 1135 484; x_wconf 83' lang='lat' dir='ltr'><strong>tyrannus</strong></span> <span class='ocrx_word' id='word_1_23' title='bbox 1165 433 1316 483; x_wconf 85' lang='lat' dir='ltr'><strong>evadat,</strong></span> <span class='ocrx_word' id='word_1_24' title='bbox 1344 435 1522 488; x_wconf 88' lang='lat' dir='ltr'><strong>adeoque</strong></span> <span class='ocrx_word' id='word_1_25' title='bbox 1547 436 1624 487; x_wconf 59' lang='lat' dir='ltr'><strong>ham</strong></span> 
     </span>
     <span class='ocr_line' id='line_1_5' title="bbox 334 489 1624 542; baseline 0.003 -14"><span class='ocrx_word' id='word_1_26' title='bbox 334 500 386 528; x_wconf 85' lang='lat' dir='ltr'><strong>ex</strong></span> <span class='ocrx_word' id='word_1_27' title='bbox 414 500 465 528; x_wconf 81' lang='lat' dir='ltr'><strong>oo</strong></span> <span class='ocrx_word' id='word_1_28' title='bbox 492 490 677 542; x_wconf 83' lang='lat' dir='ltr'>exprimit</span> <span class='ocrx_word' id='word_1_29' title='bbox 702 489 1008 536; x_wconf 77' lang='lat' dir='ltr'><strong>confessionem,</strong></span> <span class='ocrx_word' id='word_1_30' title='bbox 1035 492 1081 527; x_wconf 86' lang='lat' dir='ltr'><strong>ut</strong></span> <span class='ocrx_word' id='word_1_31' title='bbox 1107 502 1154 528; x_wconf 89' lang='lat' dir='ltr'><strong>se</strong></span> <span class='ocrx_word' id='word_1_32' title='bbox 1181 490 1287 529; x_wconf 89' lang='lat' dir='ltr'><strong>dicat</strong></span> <span class='ocrx_word' id='word_1_33' title='bbox 1314 503 1388 541; x_wconf 92' lang='lat' dir='ltr'><strong>pro</strong></span> <span class='ocrx_word' id='word_1_34' title='bbox 1405 492 1560 531; x_wconf 89' lang='lat' dir='ltr'><strong>consilii</strong></span> <span class='ocrx_word' id='word_1_35' title='bbox 1586 504 1624 532; x_wconf 74' lang='lat' dir='ltr'><strong>aa</strong></span> 
     </span>
    </p>
   </div>
   <div class='ocr_carea' id='block_1_3' title="bbox 333 545 1624 644">
    <p class='ocr_par' dir='ltr' id='par_1_3' title="bbox 333 545 1624 644">
     <span class='ocr_line' id='line_1_6' title="bbox 333 545 1624 601; baseline 0.005 -17"><span class='ocrx_word' id='word_1_36' title='bbox 333 545 489 585; x_wconf 85' lang='lat' dir='ltr'><strong>ratione</strong></span> <span class='ocrx_word' id='word_1_37' title='bbox 526 549 780 597; x_wconf 83' lang='lat' dir='ltr'><strong>tyrannorum</strong></span> <span class='ocrx_word' id='word_1_38' title='bbox 807 545 1130 585; x_wconf 83' lang='lat' dir='ltr'><strong>consuetudinem</strong></span> <span class='ocrx_word' id='word_1_39' title='bbox 1160 550 1204 587; x_wconf 90' lang='lat' dir='ltr'><strong>et</strong></span> <span class='ocrx_word' id='word_1_40' title='bbox 1241 546 1486 599; x_wconf 76' lang='lat' dir='ltr'><strong>disciplinam</strong></span> <span class='ocrx_word' id='word_1_41' title='bbox 1521 559 1624 601; x_wconf 80' lang='lat' dir='ltr'><strong>appe</strong></span> 
     </span>
     <span class='ocr_line' id='line_1_7' title="bbox 333 601 999 644; baseline -0.002 -3"><span class='ocrx_word' id='word_1_42' title='bbox 333 603 437 644; x_wconf 79' lang='lat' dir='ltr'><strong>tere.</strong></span> <span class='ocrx_word' id='word_1_43' title='bbox 465 601 511 644; x_wconf 85' lang='lat' dir='ltr'><strong>P.</strong></span> <span class='ocrx_word' id='word_1_44' title='bbox 539 601 634 644; x_wconf 82' lang='lat'>122.</span> <span class='ocrx_word' id='word_1_45' title='bbox 662 602 712 644; x_wconf 92' lang='lat' dir='ltr'><strong>A.</strong></span> <span class='ocrx_word' id='word_1_46' title='bbox 740 623 795 632; x_wconf 91' lang='lat'>-</span> <span class='ocrx_word' id='word_1_47' title='bbox 825 601 919 642; x_wconf 81' lang='lat'>125.</span> <span class='ocrx_word' id='word_1_48' title='bbox 948 601 999 641; x_wconf 86' lang='lat' dir='ltr'><strong>E.</strong></span> 
     </span>
    </p>
   </div>
   <div class='ocr_carea' id='block_1_4' title="bbox 329 677 1624 1350">
    <p class='ocr_par' dir='ltr' id='par_1_4' title="bbox 329 677 1624 1350">
     <span class='ocr_line' id='line_1_8' title="bbox 443 677 1624 731; baseline 0.002 -13"><span class='ocrx_word' id='word_1_49' title='bbox 443 677 628 718; x_wconf 87' lang='lat' dir='ltr'><strong>Sentiens</strong></span> <span class='ocrx_word' id='word_1_50' title='bbox 661 678 1007 727; x_wconf 86' lang='lat' dir='ltr'><strong>adolescentulus,</strong></span> <span class='ocrx_word' id='word_1_51' title='bbox 1046 692 1161 730; x_wconf 90' lang='lat' dir='ltr'><strong>qnam</strong></span> <span class='ocrx_word' id='word_1_52' title='bbox 1188 678 1228 719; x_wconf 87' lang='lat' dir='ltr'><strong>id</strong></span> <span class='ocrx_word' id='word_1_53' title='bbox 1262 682 1384 731; x_wconf 81' lang='lat' dir='ltr'><strong>turpe</strong></span> <span class='ocrx_word' id='word_1_54' title='bbox 1421 680 1497 719; x_wconf 86' lang='lat' dir='ltr'><strong>sibi</strong></span> <span class='ocrx_word' id='word_1_55' title='bbox 1525 680 1580 720; x_wconf 74' lang='lat' dir='ltr'><strong>uit</strong></span> <span class='ocrx_word' id='word_1_56' title='bbox 1606 692 1624 721; x_wconf 74' lang='grc' dir='ltr'><strong>ε</strong></span> 
     </span>
     <span class='ocr_line' id='line_1_9' title="bbox 330 733 1624 786; baseline 0.001 -12"><span class='ocrx_word' id='word_1_57' title='bbox 330 733 661 786; x_wconf 74' lang='lat' dir='ltr'><strong>ignominiosum,</strong></span> <span class='ocrx_word' id='word_1_58' title='bbox 694 736 790 774; x_wconf 90' lang='lat' dir='ltr'><strong>satis</strong></span> <span class='ocrx_word' id='word_1_59' title='bbox 827 734 1045 786; x_wconf 89' lang='lat' dir='ltr'><strong>prudenter</strong></span> <span class='ocrx_word' id='word_1_60' title='bbox 1077 736 1134 774; x_wconf 90' lang='lat' dir='ltr'><strong>ita</strong></span> <span class='ocrx_word' id='word_1_61' title='bbox 1171 748 1217 775; x_wconf 90' lang='lat' dir='ltr'><strong>se</strong></span> <span class='ocrx_word' id='word_1_62' title='bbox 1253 740 1439 786; x_wconf 82' lang='lat' dir='ltr'><strong>excusat,</strong></span> <span class='ocrx_word' id='word_1_63' title='bbox 1467 739 1513 775; x_wconf 86' lang='lat' dir='ltr'><strong>ut</strong></span> <span class='ocrx_word' id='word_1_64' title='bbox 1549 736 1624 776; x_wconf 73' lang='lat' dir='ltr'><strong>diet</strong></span> 
     </span>
     <span class='ocr_line' id='line_1_10' title="bbox 331 790 1624 842; baseline 0.002 -11"><span class='ocrx_word' id='word_1_65' title='bbox 331 801 411 831; x_wconf 85' lang='lat' dir='ltr'><strong>non</strong></span> <span class='ocrx_word' id='word_1_66' title='bbox 447 790 499 830; x_wconf 91' lang='lat' dir='ltr'><strong>de</strong></span> <span class='ocrx_word' id='word_1_67' title='bbox 525 791 697 830; x_wconf 82' lang='lat' dir='ltr'><strong>violenta</strong></span> <span class='ocrx_word' id='word_1_68' title='bbox 732 804 778 830; x_wconf 89' lang='lat' dir='ltr'><strong>se</strong></span> <span class='ocrx_word' id='word_1_69' title='bbox 813 791 990 842; x_wconf 83' lang='lat' dir='ltr'><strong>cogitare</strong></span> <span class='ocrx_word' id='word_1_70' title='bbox 1025 790 1313 841; x_wconf 83' lang='lat' dir='ltr'><strong>dominatione,</strong></span> <span class='ocrx_word' id='word_1_71' title='bbox 1350 792 1422 831; x_wconf 88' lang='lat' dir='ltr'><strong>sed</strong></span> <span class='ocrx_word' id='word_1_72' title='bbox 1460 792 1510 830; x_wconf 92' lang='lat' dir='ltr'><strong>de</strong></span> <span class='ocrx_word' id='word_1_73' title='bbox 1547 793 1624 838; x_wconf 68' lang='lat' dir='ltr'><strong>inst</strong></span> 
     </span>
     <span class='ocr_line' id='line_1_11' title="bbox 331 845 1624 945; baseline 0.001 -60"><span class='ocrx_word' id='word_1_74' title='bbox 331 845 530 898; x_wconf 78' lang='lat' dir='ltr'><strong>imperio,</strong></span> <span class='ocrx_word' id='word_1_75' title='bbox 565 848 629 885; x_wconf 91' lang='lat' dir='ltr'><strong>cui</strong></span> <span class='ocrx_word' id='word_1_76' title='bbox 665 848 772 886; x_wconf 88' lang='lat' dir='ltr'><strong>cives</strong></span> <span class='ocrx_word' id='word_1_77' title='bbox 814 850 959 898; x_wconf 89' lang='lat' dir='ltr'><strong>sponte</strong></span> <span class='ocrx_word' id='word_1_78' title='bbox 1006 850 1050 886; x_wconf 87' lang='lat' dir='ltr'><strong>et</strong></span> <span class='ocrx_word' id='word_1_79' title='bbox 1098 847 1283 886; x_wconf 83' lang='lat' dir='ltr'><strong>lubenter</strong></span> <span class='ocrx_word' id='word_1_80' title='bbox 1321 852 1498 899; x_wconf 86' lang='lat' dir='ltr'><strong>pareant.</strong></span> <span class='ocrx_word' id='word_1_81' title='bbox 1564 848 1624 945; x_wconf 45' lang='grc' dir='ltr'><strong>ἶ</strong></span> 
     </span>
     <span class='ocr_line' id='line_1_12' title="bbox 331 902 1576 954; baseline 0.002 -14"><span class='ocrx_word' id='word_1_82' title='bbox 331 902 469 942; x_wconf 84' lang='lat' dir='ltr'><strong>audito</strong></span> <span class='ocrx_word' id='word_1_83' title='bbox 503 902 692 942; x_wconf 79' lang='lat' dir='ltr'><strong>Socrates</strong></span> <span class='ocrx_word' id='word_1_84' title='bbox 731 906 1030 954; x_wconf 76' lang='lat' dir='ltr'><strong>argumentatur</strong></span> <span class='ocrx_word' id='word_1_85' title='bbox 1066 903 1172 942; x_wconf 85' lang='lat' dir='ltr'><strong>viros</strong></span> <span class='ocrx_word' id='word_1_86' title='bbox 1209 903 1344 942; x_wconf 86' lang='lat' dir='ltr'><strong>civiles</strong></span> <span class='ocrx_word' id='word_1_87' title='bbox 1384 905 1422 942; x_wconf 93' lang='lat' dir='ltr'><strong>ei</strong></span> <span class='ocrx_word' id='word_1_88' title='bbox 1452 904 1576 942; x_wconf 82' lang='lat' dir='ltr'><strong>adeun</strong></span> 
     </span>
     <span class='ocr_line' id='line_1_13' title="bbox 330 957 1624 1012; baseline 0.001 -15"><span class='ocrx_word' id='word_1_89' title='bbox 330 957 447 1008; x_wconf 80' lang='lat' dir='ltr'><strong>fore,</strong></span> <span class='ocrx_word' id='word_1_90' title='bbox 474 962 518 998; x_wconf 91' lang='lat' dir='ltr'><strong>ut</strong></span> <span class='ocrx_word' id='word_1_91' title='bbox 542 959 646 997; x_wconf 83' lang='lat' dir='ltr'><strong>civili</strong></span> <span class='ocrx_word' id='word_1_92' title='bbox 678 959 886 1011; x_wconf 89' lang='lat' dir='ltr'><strong>prudentia</strong></span> <span class='ocrx_word' id='word_1_93' title='bbox 913 959 1121 1000; x_wconf 88' lang='lat' dir='ltr'><strong>imbuatur.</strong></span> <span class='ocrx_word' id='word_1_94' title='bbox 1178 958 1328 999; x_wconf 88' lang='lat' dir='ltr'><strong>Verum</strong></span> <span class='ocrx_word' id='word_1_95' title='bbox 1358 960 1448 1010; x_wconf 82' lang='lat' dir='ltr'><strong>ipse</strong></span> <span class='ocrx_word' id='word_1_96' title='bbox 1465 960 1624 1012; x_wconf 72' lang='lat' dir='ltr'><strong>&#39;lheage</strong></span> 
     </span>
     <span class='ocr_line' id='line_1_14' title="bbox 329 1013 1624 1067; baseline 0.002 -14"><span class='ocrx_word' id='word_1_97' title='bbox 329 1013 475 1054; x_wconf 80' lang='lat' dir='ltr'><strong>horum</strong></span> <span class='ocrx_word' id='word_1_98' title='bbox 516 1014 761 1066; x_wconf 80' lang='lat' dir='ltr'><strong>disciplinam</strong></span> <span class='ocrx_word' id='word_1_99' title='bbox 798 1017 937 1054; x_wconf 88' lang='lat' dir='ltr'><strong>censet</strong></span> <span class='ocrx_word' id='word_1_100' title='bbox 975 1014 1050 1053; x_wconf 87' lang='lat' dir='ltr'><strong>sibi</strong></span> <span class='ocrx_word' id='word_1_101' title='bbox 1077 1027 1215 1065; x_wconf 89' lang='lat' dir='ltr'><strong>parum</strong></span> <span class='ocrx_word' id='word_1_102' title='bbox 1244 1019 1312 1054; x_wconf 84' lang='lat' dir='ltr'><strong>aut</strong></span> <span class='ocrx_word' id='word_1_103' title='bbox 1340 1015 1437 1054; x_wconf 86' lang='lat' dir='ltr'><strong>nihil</strong></span> <span class='ocrx_word' id='word_1_104' title='bbox 1466 1016 1624 1067; x_wconf 73' lang='lat' dir='ltr'><strong>profutn</strong></span> 
     </span>
     <span class='ocr_line' id='line_1_15' title="bbox 332 1070 1624 1121; baseline 0.002 -12"><span class='ocrx_word' id='word_1_105' title='bbox 332 1081 418 1112; x_wconf 80' lang='lat' dir='ltr'><strong>ram</strong></span> <span class='ocrx_word' id='word_1_106' title='bbox 456 1082 572 1119; x_wconf 89' lang='lat' dir='ltr'><strong>esse,</strong></span> <span class='ocrx_word' id='word_1_107' title='bbox 612 1071 805 1121; x_wconf 83' lang='lat' dir='ltr'><strong>siquidem</strong></span> <span class='ocrx_word' id='word_1_108' title='bbox 847 1070 1035 1109; x_wconf 82' lang='lat' dir='ltr'><strong>Socrates</strong></span> <span class='ocrx_word' id='word_1_109' title='bbox 1074 1082 1168 1108; x_wconf 83' lang='lat' dir='ltr'><strong>vere</strong></span> <span class='ocrx_word' id='word_1_110' title='bbox 1205 1071 1334 1113; x_wconf 83' lang='lat' dir='ltr'><strong>soleat</strong></span> <span class='ocrx_word' id='word_1_111' title='bbox 1370 1071 1555 1110; x_wconf 87' lang='lat' dir='ltr'><strong>dictitare</strong></span> <span class='ocrx_word' id='word_1_112' title='bbox 1581 1081 1624 1111; x_wconf 78' lang='lat' dir='ltr'><strong>oo</strong></span> 
     </span>
     <span class='ocr_line' id='line_1_16' title="bbox 333 1125 1624 1178; baseline 0.002 -12"><span class='ocrx_word' id='word_1_113' title='bbox 333 1136 411 1168; x_wconf 84' lang='lat' dir='ltr'><strong>nec</strong></span> <span class='ocrx_word' id='word_1_114' title='bbox 448 1137 544 1166; x_wconf 81' lang='lat' dir='ltr'><strong>suos</strong></span> <span class='ocrx_word' id='word_1_115' title='bbox 581 1126 758 1178; x_wconf 84' lang='lat' dir='ltr'><strong>ipsorum</strong></span> <span class='ocrx_word' id='word_1_116' title='bbox 792 1126 899 1165; x_wconf 86' lang='lat' dir='ltr'><strong>filios</strong></span> <span class='ocrx_word' id='word_1_117' title='bbox 937 1125 988 1164; x_wconf 91' lang='lat' dir='ltr'><strong>ad</strong></span> <span class='ocrx_word' id='word_1_118' title='bbox 1027 1125 1212 1165; x_wconf 81' lang='lat' dir='ltr'><strong>virtutem</strong></span> <span class='ocrx_word' id='word_1_119' title='bbox 1250 1131 1294 1166; x_wconf 90' lang='lat' dir='ltr'><strong>et</strong></span> <span class='ocrx_word' id='word_1_120' title='bbox 1330 1128 1560 1178; x_wconf 84' lang='lat' dir='ltr'><strong>sapientiam</strong></span> <span class='ocrx_word' id='word_1_121' title='bbox 1588 1128 1624 1168; x_wconf 76' lang='lat' dir='ltr'><strong>in</strong></span> 
     </span>
     <span class='ocr_line' id='line_1_17' title="bbox 330 1181 1624 1233; baseline 0.002 -11"><span class='ocrx_word' id='word_1_122' title='bbox 330 1183 505 1222; x_wconf 70' lang='lat' dir='ltr'><strong>stituere</strong></span> <span class='ocrx_word' id='word_1_123' title='bbox 541 1194 677 1233; x_wconf 89' lang='lat' dir='ltr'><strong>posse.</strong></span> <span class='ocrx_word' id='word_1_124' title='bbox 739 1183 878 1233; x_wconf 90' lang='lat' dir='ltr'><strong>Itaque</strong></span> <span class='ocrx_word' id='word_1_125' title='bbox 918 1181 1107 1220; x_wconf 85' lang='lat' dir='ltr'><strong>Socrates</strong></span> <span class='ocrx_word' id='word_1_126' title='bbox 1141 1182 1238 1221; x_wconf 88' lang='lat' dir='ltr'><strong>nihil</strong></span> <span class='ocrx_word' id='word_1_127' title='bbox 1285 1182 1388 1221; x_wconf 91' lang='lat' dir='ltr'><strong>aliud</strong></span> <span class='ocrx_word' id='word_1_128' title='bbox 1429 1181 1624 1225; x_wconf 66' lang='lat' dir='ltr'><strong>faciendam</strong></span> 
     </span>
     <span class='ocr_line' id='line_1_18' title="bbox 331 1238 1624 1289; baseline 0.002 -12"><span class='ocrx_word' id='word_1_129' title='bbox 331 1241 490 1278; x_wconf 84' lang='lat' dir='ltr'><strong>restare</strong></span> <span class='ocrx_word' id='word_1_130' title='bbox 526 1239 764 1288; x_wconf 81' lang='lat' dir='ltr'><strong>arbitratur,</strong></span> <span class='ocrx_word' id='word_1_131' title='bbox 802 1250 916 1289; x_wconf 90' lang='lat' dir='ltr'><strong>quam</strong></span> <span class='ocrx_word' id='word_1_132' title='bbox 944 1241 991 1276; x_wconf 87' lang='lat' dir='ltr'><strong>ut</strong></span> <span class='ocrx_word' id='word_1_133' title='bbox 1018 1240 1136 1288; x_wconf 89' lang='lat' dir='ltr'><strong>pater</strong></span> <span class='ocrx_word' id='word_1_134' title='bbox 1163 1238 1459 1278; x_wconf 86' lang='lat' dir='ltr'><strong>adolescentem</strong></span> <span class='ocrx_word' id='word_1_135' title='bbox 1487 1239 1624 1280; x_wconf 72' lang='lat' dir='ltr'><strong>deducu</strong></span> 
     </span>
     <span class='ocr_line' id='line_1_19' title="bbox 330 1293 1624 1350; baseline 0.003 -18"><span class='ocrx_word' id='word_1_136' title='bbox 330 1294 382 1333; x_wconf 81' lang='lat' dir='ltr'><strong>ad</strong></span> <span class='ocrx_word' id='word_1_137' title='bbox 410 1294 554 1333; x_wconf 90' lang='lat' dir='ltr'><strong>bonum</strong></span> <span class='ocrx_word' id='word_1_138' title='bbox 583 1294 753 1346; x_wconf 86' lang='lat' dir='ltr'><strong>aliquem</strong></span> <span class='ocrx_word' id='word_1_139' title='bbox 782 1298 903 1346; x_wconf 90' lang='lat' dir='ltr'><strong>atque</strong></span> <span class='ocrx_word' id='word_1_140' title='bbox 929 1293 1142 1332; x_wconf 90' lang='lat' dir='ltr'><strong>honestum</strong></span> <span class='ocrx_word' id='word_1_141' title='bbox 1171 1295 1320 1343; x_wconf 90' lang='lat' dir='ltr'><strong>civem,</strong></span> <span class='ocrx_word' id='word_1_142' title='bbox 1349 1296 1415 1345; x_wconf 90' lang='lat' dir='ltr'><strong>qni</strong></span> <span class='ocrx_word' id='word_1_143' title='bbox 1443 1307 1533 1334; x_wconf 88' lang='lat' dir='ltr'><strong>eum</strong></span> <span class='ocrx_word' id='word_1_144' title='bbox 1560 1306 1624 1350; x_wconf 87' lang='lat' dir='ltr'><strong>pru</strong></span> 
     </span>
    </p>
   </div>
   <div class='ocr_carea' id='block_1_5' title="bbox 331 1349 1624 1448">
    <p class='ocr_par' dir='ltr' id='par_1_5' title="bbox 331 1349 1624 1447">
     <span class='ocr_line' id='line_1_20' title="bbox 332 1349 1624 1403; baseline 0.002 -14"><span class='ocrx_word' id='word_1_145' title='bbox 332 1349 466 1389; x_wconf 83' lang='lat' dir='ltr'><strong>dentia</strong></span> <span class='ocrx_word' id='word_1_146' title='bbox 499 1350 604 1389; x_wconf 85' lang='lat' dir='ltr'><strong>civili</strong></span> <span class='ocrx_word' id='word_1_147' title='bbox 642 1352 842 1390; x_wconf 88' lang='lat' dir='ltr'><strong>instruere</strong></span> <span class='ocrx_word' id='word_1_148' title='bbox 878 1352 922 1389; x_wconf 91' lang='lat' dir='ltr'><strong>et</strong></span> <span class='ocrx_word' id='word_1_149' title='bbox 955 1360 1105 1403; x_wconf 83' lang='lat' dir='ltr'><strong>augere</strong></span> <span class='ocrx_word' id='word_1_150' title='bbox 1143 1349 1310 1391; x_wconf 86' lang='lat' dir='ltr'><strong>idoneus</strong></span> <span class='ocrx_word' id='word_1_151' title='bbox 1345 1349 1550 1396; x_wconf 84' lang='lat' dir='ltr'><strong>habeatur.</strong></span> <span class='ocrx_word' id='word_1_152' title='bbox 1603 1349 1624 1392; x_wconf 77' lang='lat'>1</span> 
     </span>
     <span class='ocr_line' id='line_1_21' title="bbox 331 1405 791 1448; baseline -0.002 -1"><span class='ocrx_word' id='word_1_153' title='bbox 331 1405 429 1447; x_wconf 80' lang='lat'>125.</span> <span class='ocrx_word' id='word_1_154' title='bbox 457 1405 508 1447; x_wconf 93' lang='grc' dir='ltr'><strong>Ε.</strong></span> <span class='ocrx_word' id='word_1_155' title='bbox 535 1428 590 1436; x_wconf 90' lang='grc'><strong>-</strong></span> <span class='ocrx_word' id='word_1_156' title='bbox 619 1406 713 1448; x_wconf 85' lang='lat'><strong>127.</strong></span> <span class='ocrx_word' id='word_1_157' title='bbox 743 1406 791 1446; x_wconf 91' lang='grc' dir='ltr'><strong>Ε.</strong></span> 
     </span>
    </p>
   </div>
   <div class='ocr_carea' id='block_1_6' title="bbox 331 1467 1624 1704">
    <p class='ocr_par' dir='ltr' id='par_1_6' title="bbox 331 1467 1624 1704">
     <span class='ocr_line' id='line_1_22' title="bbox 442 1467 1624 1538; baseline -0.003 -12"><span class='ocrx_word' id='word_1_158' title='bbox 442 1482 522 1526; x_wconf 80' lang='lat' dir='ltr'><strong>Vix</strong></span> <span class='ocrx_word' id='word_1_159' title='bbox 560 1482 638 1524; x_wconf 90' lang='lat' dir='ltr'><strong>hoc</strong></span> <span class='ocrx_word' id='word_1_160' title='bbox 675 1484 822 1524; x_wconf 83' lang='lat' dir='ltr'><strong>audivit</strong></span> <span class='ocrx_word' id='word_1_161' title='bbox 862 1484 1079 1538; x_wconf 82' lang='lat' dir='ltr'><strong>Theages,</strong></span> <span class='ocrx_word' id='word_1_162' title='bbox 1117 1496 1237 1538; x_wconf 89' lang='lat' dir='ltr'><strong>quum</strong></span> <span class='ocrx_word' id='word_1_163' title='bbox 1271 1483 1399 1536; x_wconf 78' lang='lat' dir='ltr'><strong>ipsum</strong></span> <span class='ocrx_word' id='word_1_164' title='bbox 1449 1467 1624 1526; x_wconf 64' lang='lat' dir='ltr'><strong>Socrates</strong></span> 
     </span>
     <span class='ocr_line' id='line_1_23' title="bbox 331 1535 1624 1607; baseline 0.001 -28"><span class='ocrx_word' id='word_1_165' title='bbox 331 1537 431 1582; x_wconf 74' lang='lat' dir='ltr'><strong>dicit</strong></span> <span class='ocrx_word' id='word_1_166' title='bbox 457 1541 646 1607; x_wconf 85' lang='lat' dir='ltr'><strong>optimum</strong></span> <span class='ocrx_word' id='word_1_167' title='bbox 677 1542 753 1580; x_wconf 87' lang='lat' dir='ltr'><strong>sibi</strong></span> <span class='ocrx_word' id='word_1_168' title='bbox 790 1543 1020 1593; x_wconf 83' lang='lat' dir='ltr'><strong>magistrum</strong></span> <span class='ocrx_word' id='word_1_169' title='bbox 1048 1542 1164 1589; x_wconf 82' lang='lat' dir='ltr'><strong>fore,</strong></span> <span class='ocrx_word' id='word_1_170' title='bbox 1200 1540 1378 1592; x_wconf 87' lang='lat' dir='ltr'><strong>adeoque</strong></span> <span class='ocrx_word' id='word_1_171' title='bbox 1408 1552 1498 1580; x_wconf 92' lang='lat' dir='ltr'><strong>eum</strong></span> <span class='ocrx_word' id='word_1_172' title='bbox 1526 1535 1624 1603; x_wconf 68' lang='lat' dir='ltr'><strong>roga}</strong></span> 
     </span>
     <span class='ocr_line' id='line_1_24' title="bbox 331 1592 1624 1664; baseline 0 -29"><span class='ocrx_word' id='word_1_173' title='bbox 331 1599 379 1635; x_wconf 83' lang='lat' dir='ltr'><strong>ut</strong></span> <span class='ocrx_word' id='word_1_174' title='bbox 408 1609 454 1637; x_wconf 87' lang='lat' dir='ltr'><strong>se</strong></span> <span class='ocrx_word' id='word_1_175' title='bbox 482 1598 522 1636; x_wconf 86' lang='lat' dir='ltr'><strong>in</strong></span> <span class='ocrx_word' id='word_1_176' title='bbox 552 1596 796 1664; x_wconf 85' lang='lat' dir='ltr'><strong>disciplinam</strong></span> <span class='ocrx_word' id='word_1_177' title='bbox 826 1599 1006 1649; x_wconf 87' lang='lat' dir='ltr'><strong>recipiat.</strong></span> <span class='ocrx_word' id='word_1_178' title='bbox 1060 1598 1290 1638; x_wconf 80' lang='lat' dir='ltr'><strong>Assentitur</strong></span> <span class='ocrx_word' id='word_1_179' title='bbox 1317 1592 1624 1649; x_wconf 49' lang='lat' dir='ltr'><strong>Demodocus}</strong></span> 
     </span>
     <span class='ocr_line' id='line_1_25' title="bbox 331 1652 1613 1704; baseline -0.002 -12"><span class='ocrx_word' id='word_1_180' title='bbox 331 1654 427 1701; x_wconf 76' lang='lat' dir='ltr'><strong>ter,</strong></span> <span class='ocrx_word' id='word_1_181' title='bbox 462 1653 528 1704; x_wconf 89' lang='lat' dir='ltr'><strong>qui</strong></span> <span class='ocrx_word' id='word_1_182' title='bbox 575 1658 618 1694; x_wconf 89' lang='lat' dir='ltr'><strong>et</strong></span> <span class='ocrx_word' id='word_1_183' title='bbox 646 1654 733 1704; x_wconf 88' lang='lat' dir='ltr'><strong>ipse</strong></span> <span class='ocrx_word' id='word_1_184' title='bbox 762 1653 971 1693; x_wconf 86' lang='lat' dir='ltr'><strong>Socratem</strong></span> <span class='ocrx_word' id='word_1_185' title='bbox 998 1654 1205 1700; x_wconf 83' lang='lat' dir='ltr'><strong>obsecrat,</strong></span> <span class='ocrx_word' id='word_1_186' title='bbox 1243 1656 1287 1690; x_wconf 88' lang='lat' dir='ltr'><strong>ut</strong></span> <span class='ocrx_word' id='word_1_187' title='bbox 1313 1652 1427 1690; x_wconf 86' lang='lat' dir='ltr'><strong>filioli</strong></span> <span class='ocrx_word' id='word_1_188' title='bbox 1456 1653 1613 1703; x_wconf 58' lang='lat' dir='ltr'><strong>desider</strong></span> 
     </span>
    </p>
   </div>
   <div class='ocr_carea' id='block_1_7' title="bbox 1572 1609 1624 2633">
    <p class='ocr_par' dir='ltr' id='par_1_7' title="bbox 1572 1609 1624 2633">
     <span class='ocr_line' id='line_1_26' title="bbox 1607 1609 1624 1731; baseline 0 -105"><span class='ocrx_word' id='word_1_189' title='bbox 1607 1609 1624 1731; x_wconf 95' lang='lat' dir='ltr'><strong>    </strong></span> 
     </span>
     <span class='ocr_line' id='line_1_27' title="bbox 1602 1731 1624 1905; baseline 0 0"><span class='ocrx_word' id='word_1_190' title='bbox 1602 1731 1624 1905; x_wconf 95' lang='lat' dir='ltr'><strong>    </strong></span> 
     </span>
     <span class='ocr_line' id='line_1_28' title="bbox 1598 1905 1624 2121; baseline 0 0"><span class='ocrx_word' id='word_1_191' title='bbox 1598 1905 1624 2121; x_wconf 95' lang='lat' dir='ltr'><strong>   </strong></span> 
     </span>
     <span class='ocr_line' id='line_1_29' title="bbox 1579 2234 1624 2412; baseline 0 0"><span class='ocrx_word' id='word_1_192' title='bbox 1579 2234 1624 2412; x_wconf 95' lang='lat' dir='ltr'><strong>   </strong></span> 
     </span>
     <span class='ocr_line' id='line_1_30' title="bbox 1572 2412 1624 2633; baseline 0 -47"><span class='ocrx_word' id='word_1_193' title='bbox 1572 2412 1624 2633; x_wconf 95' lang='lat' dir='ltr'><strong>     </strong></span> 
     </span>
    </p>
   </div>
   <div class='ocr_carea' id='block_1_8' title="bbox 329 1708 1611 2151">
    <p class='ocr_par' dir='ltr' id='par_1_8' title="bbox 329 1708 1611 2154">
     <span class='ocr_line' id='line_1_31' title="bbox 332 1708 1611 1759; baseline 0.002 -13"><span class='ocrx_word' id='word_1_194' title='bbox 332 1708 570 1747; x_wconf 78' lang='lat' dir='ltr'><strong>satisfacere</strong></span> <span class='ocrx_word' id='word_1_195' title='bbox 601 1709 710 1749; x_wconf 82' lang='lat' dir='ltr'><strong>velit.</strong></span> <span class='ocrx_word' id='word_1_196' title='bbox 767 1709 954 1748; x_wconf 84' lang='lat' dir='ltr'><strong>Socrates</strong></span> <span class='ocrx_word' id='word_1_197' title='bbox 982 1721 1077 1747; x_wconf 88' lang='lat' dir='ltr'><strong>vero</strong></span> <span class='ocrx_word' id='word_1_198' title='bbox 1105 1709 1271 1759; x_wconf 89' lang='lat' dir='ltr'><strong>primum</strong></span> <span class='ocrx_word' id='word_1_199' title='bbox 1301 1708 1558 1747; x_wconf 79' lang='lat' dir='ltr'><strong>vehementer</strong></span> <span class='ocrx_word' id='word_1_200' title='bbox 1580 1715 1611 1755; x_wconf 77' lang='lat' dir='ltr'><strong>m</strong></span> 
     </span>
     <span class='ocr_line' id='line_1_32' title="bbox 330 1758 1610 1830; baseline 0 -26"><span class='ocrx_word' id='word_1_201' title='bbox 330 1766 443 1804; x_wconf 79' lang='lat' dir='ltr'><strong>ratur</strong></span> <span class='ocrx_word' id='word_1_202' title='bbox 499 1764 604 1816; x_wconf 89' lang='lat' dir='ltr'><strong>quod</strong></span> <span class='ocrx_word' id='word_1_203' title='bbox 657 1764 908 1803; x_wconf 83' lang='lat' dir='ltr'><strong>Demodocus</strong></span> <span class='ocrx_word' id='word_1_204' title='bbox 959 1776 1037 1803; x_wconf 87' lang='lat' dir='ltr'><strong>non</strong></span> <span class='ocrx_word' id='word_1_205' title='bbox 1082 1765 1169 1815; x_wconf 89' lang='lat' dir='ltr'><strong>ipse</strong></span> <span class='ocrx_word' id='word_1_206' title='bbox 1217 1763 1341 1802; x_wconf 88' lang='lat' dir='ltr'><strong>filium</strong></span> <span class='ocrx_word' id='word_1_207' title='bbox 1398 1758 1610 1830; x_wconf 56' lang='lat' dir='ltr'><strong>erudiend?</strong></span> 
     </span>
     <span class='ocr_line' id='line_1_33' title="bbox 329 1820 1606 1871; baseline 0.001 -12"><span class='ocrx_word' id='word_1_208' title='bbox 329 1820 544 1870; x_wconf 75' lang='lat' dir='ltr'><strong>suscipiat,</strong></span> <span class='ocrx_word' id='word_1_209' title='bbox 589 1833 706 1871; x_wconf 90' lang='lat' dir='ltr'><strong>quum</strong></span> <span class='ocrx_word' id='word_1_210' title='bbox 744 1824 875 1859; x_wconf 87' lang='lat' dir='ltr'><strong>tamen</strong></span> <span class='ocrx_word' id='word_1_211' title='bbox 905 1823 948 1859; x_wconf 89' lang='lat' dir='ltr'><strong>et</strong></span> <span class='ocrx_word' id='word_1_212' title='bbox 984 1821 1093 1859; x_wconf 89' lang='lat' dir='ltr'><strong>annis</strong></span> <span class='ocrx_word' id='word_1_213' title='bbox 1133 1820 1186 1858; x_wconf 80' lang='lat' dir='ltr'><strong>sit</strong></span> <span class='ocrx_word' id='word_1_214' title='bbox 1221 1821 1448 1870; x_wconf 81' lang='lat' dir='ltr'><strong>provectior</strong></span> <span class='ocrx_word' id='word_1_215' title='bbox 1477 1825 1519 1860; x_wconf 90' lang='lat' dir='ltr'><strong>et</strong></span> <span class='ocrx_word' id='word_1_216' title='bbox 1547 1832 1606 1860; x_wconf 83' lang='lat' dir='ltr'><strong>sm</strong></span> 
     </span>
     <span class='ocr_line' id='line_1_34' title="bbox 329 1872 1610 1930; baseline -0.002 -14"><span class='ocrx_word' id='word_1_217' title='bbox 329 1886 419 1916; x_wconf 82' lang='lat' dir='ltr'><strong>mos</strong></span> <span class='ocrx_word' id='word_1_218' title='bbox 456 1876 497 1915; x_wconf 89' lang='lat' dir='ltr'><strong>in</strong></span> <span class='ocrx_word' id='word_1_219' title='bbox 533 1876 734 1927; x_wconf 89' lang='lat' dir='ltr'><strong>republica</strong></span> <span class='ocrx_word' id='word_1_220' title='bbox 775 1876 949 1916; x_wconf 90' lang='lat' dir='ltr'><strong>honores</strong></span> <span class='ocrx_word' id='word_1_221' title='bbox 988 1876 1175 1927; x_wconf 85' lang='lat' dir='ltr'><strong>gesserit.</strong></span> <span class='ocrx_word' id='word_1_222' title='bbox 1245 1875 1395 1914; x_wconf 88' lang='lat' dir='ltr'><strong>Deinde</strong></span> <span class='ocrx_word' id='word_1_223' title='bbox 1422 1872 1610 1930; x_wconf 82' lang='lat' dir='ltr'><strong>Theagi</strong></span> 
     </span>
     <span class='ocr_line' id='line_1_35' title="bbox 330 1919 1610 1998; baseline 0.002 -29"><span class='ocrx_word' id='word_1_224' title='bbox 330 1942 426 1970; x_wconf 86' lang='lat' dir='ltr'><strong>cere</strong></span> <span class='ocrx_word' id='word_1_225' title='bbox 462 1932 519 1971; x_wconf 86' lang='lat' dir='ltr'><strong>ait</strong></span> <span class='ocrx_word' id='word_1_226' title='bbox 556 1932 666 1970; x_wconf 86' lang='lat' dir='ltr'><strong>adire</strong></span> <span class='ocrx_word' id='word_1_227' title='bbox 702 1932 924 1982; x_wconf 89' lang='lat' dir='ltr'><strong>sophistas,</strong></span> <span class='ocrx_word' id='word_1_228' title='bbox 961 1933 1028 1982; x_wconf 88' lang='lat' dir='ltr'><strong>qui</strong></span> <span class='ocrx_word' id='word_1_229' title='bbox 1055 1945 1100 1971; x_wconf 91' lang='lat' dir='ltr'><strong>se</strong></span> <span class='ocrx_word' id='word_1_230' title='bbox 1126 1931 1256 1998; x_wconf 87' lang='lat' dir='ltr'><strong>palam</strong></span> <span class='ocrx_word' id='word_1_231' title='bbox 1285 1932 1499 1982; x_wconf 88' lang='lat' dir='ltr'><strong>sapientiae</strong></span> <span class='ocrx_word' id='word_1_232' title='bbox 1528 1919 1610 1996; x_wconf 42' lang='lat' dir='ltr'><strong>mags</strong></span> 
     </span>
     <span class='ocr_line' id='line_1_36' title="bbox 329 1973 1608 2050; baseline 0.001 -24"><span class='ocrx_word' id='word_1_233' title='bbox 329 1990 441 2027; x_wconf 67' lang='lat' dir='ltr'><strong>§tros</strong></span> <span class='ocrx_word' id='word_1_234' title='bbox 489 1988 773 2038; x_wconf 87' lang='lat' dir='ltr'><strong>profiteantur,</strong></span> <span class='ocrx_word' id='word_1_235' title='bbox 813 2001 930 2039; x_wconf 91' lang='lat' dir='ltr'><strong>quum</strong></span> <span class='ocrx_word' id='word_1_236' title='bbox 957 1988 1046 2041; x_wconf 88' lang='lat' dir='ltr'><strong>ipse</strong></span> <span class='ocrx_word' id='word_1_237' title='bbox 1072 1990 1186 2027; x_wconf 91' lang='lat' dir='ltr'><strong>unius</strong></span> <span class='ocrx_word' id='word_1_238' title='bbox 1215 1988 1313 2027; x_wconf 87' lang='lat' dir='ltr'><strong>artis</strong></span> <span class='ocrx_word' id='word_1_239' title='bbox 1342 1989 1573 2027; x_wconf 86' lang='lat' dir='ltr'><strong>amatoriae</strong></span> <span class='ocrx_word' id='word_1_240' title='bbox 1572 1973 1608 2050; x_wconf 29' lang='grc' dir='ltr'><strong>αξξ)</strong></span> 
     </span>
     <span class='ocr_line' id='line_1_37' title="bbox 329 2027 1607 2105; baseline -0.002 -21"><span class='ocrx_word' id='word_1_241' title='bbox 329 2043 434 2084; x_wconf 84' lang='lat' dir='ltr'><strong>ritus</strong></span> <span class='ocrx_word' id='word_1_242' title='bbox 472 2045 538 2085; x_wconf 89' lang='lat' dir='ltr'><strong>sit.</strong></span> <span class='ocrx_word' id='word_1_243' title='bbox 609 2043 760 2085; x_wconf 89' lang='lat' dir='ltr'><strong>Verum</strong></span> <span class='ocrx_word' id='word_1_244' title='bbox 801 2044 989 2094; x_wconf 81' lang='lat' dir='ltr'><strong>Theages</strong></span> <span class='ocrx_word' id='word_1_245' title='bbox 1027 2043 1233 2082; x_wconf 88' lang='lat' dir='ltr'><strong>Socratem</strong></span> <span class='ocrx_word' id='word_1_246' title='bbox 1271 2043 1372 2082; x_wconf 86' lang='lat' dir='ltr'><strong>haec</strong></span> <span class='ocrx_word' id='word_1_247' title='bbox 1409 2056 1483 2095; x_wconf 93' lang='lat' dir='ltr'><strong>per</strong></span> <span class='ocrx_word' id='word_1_248' title='bbox 1521 2027 1607 2105; x_wconf 65' lang='lat' dir='ltr'><strong>ion</strong></span> 
     </span>
     <span class='ocr_line' id='line_1_38' title="bbox 330 2086 1577 2151; baseline 0.001 -14"><span class='ocrx_word' id='word_1_249' title='bbox 330 2098 468 2138; x_wconf 85' lang='lat' dir='ltr'><strong>dicere</strong></span> <span class='ocrx_word' id='word_1_250' title='bbox 496 2100 733 2148; x_wconf 88' lang='lat' dir='ltr'><strong>arbitratur,</strong></span> <span class='ocrx_word' id='word_1_251' title='bbox 771 2101 882 2139; x_wconf 88' lang='lat' dir='ltr'><strong>cuius</strong></span> <span class='ocrx_word' id='word_1_252' title='bbox 920 2100 1125 2150; x_wconf 90' lang='lat' dir='ltr'><strong>disciplina</strong></span> <span class='ocrx_word' id='word_1_253' title='bbox 1153 2103 1195 2138; x_wconf 91' lang='lat' dir='ltr'><strong>et</strong></span> <span class='ocrx_word' id='word_1_254' title='bbox 1222 2100 1468 2141; x_wconf 86' lang='lat' dir='ltr'><strong>institutione</strong></span> <span class='ocrx_word' id='word_1_255' title='bbox 1495 2086 1577 2151; x_wconf 80' lang='lat' dir='ltr'><strong>pl&#39;</strong></span> 
     </span>
    </p>
   </div>
   <div class='ocr_carea' id='block_1_9' title="bbox 329 2149 1579 2263">
    <p class='ocr_par' dir='ltr' id='par_1_9' title="bbox 329 2149 1579 2263">
     <span class='ocr_line' id='line_1_39' title="bbox 330 2149 1579 2212; baseline 0.001 -18"><span class='ocrx_word' id='word_1_256' title='bbox 330 2156 559 2195; x_wconf 79' lang='lat' dir='ltr'><strong>exstiterint</strong></span> <span class='ocrx_word' id='word_1_257' title='bbox 595 2156 720 2204; x_wconf 89' lang='lat' dir='ltr'><strong>tales,</strong></span> <span class='ocrx_word' id='word_1_258' title='bbox 768 2159 815 2195; x_wconf 90' lang='lat' dir='ltr'><strong>ut</strong></span> <span class='ocrx_word' id='word_1_259' title='bbox 849 2160 1009 2195; x_wconf 85' lang='lat' dir='ltr'><strong>ceteros</strong></span> <span class='ocrx_word' id='word_1_260' title='bbox 1052 2162 1188 2194; x_wconf 89' lang='lat' dir='ltr'><strong>omnes</strong></span> <span class='ocrx_word' id='word_1_261' title='bbox 1216 2156 1361 2195; x_wconf 82' lang='lat' dir='ltr'><strong>virtute</strong></span> <span class='ocrx_word' id='word_1_262' title='bbox 1391 2160 1434 2195; x_wconf 84' lang='lat' dir='ltr'><strong>et</strong></span> <span class='ocrx_word' id='word_1_263' title='bbox 1462 2149 1579 2212; x_wconf 55' lang='lat' dir='ltr'><strong>sapi:</strong></span> 
     </span>
     <span class='ocr_line' id='line_1_40' title="bbox 329 2209 1570 2263; baseline 0 -14"><span class='ocrx_word' id='word_1_264' title='bbox 329 2213 613 2263; x_wconf 64' lang='lat' dir='ltr'><strong>superaverint.</strong></span> <span class='ocrx_word' id='word_1_265' title='bbox 670 2211 714 2252; x_wconf 83' lang='grc' dir='ltr'><strong>Ρ.</strong></span> <span class='ocrx_word' id='word_1_266' title='bbox 745 2211 840 2252; x_wconf 78' lang='grc'><strong>127.</strong></span> <span class='ocrx_word' id='word_1_267' title='bbox 867 2212 917 2252; x_wconf 85' lang='grc' dir='ltr'><strong>Ε.</strong></span> <span class='ocrx_word' id='word_1_268' title='bbox 947 2233 1000 2240; x_wconf 89' lang='grc'><strong>--</strong></span> <span class='ocrx_word' id='word_1_269' title='bbox 1031 2211 1124 2250; x_wconf 86' lang='grc'><strong>128.</strong></span> <span class='ocrx_word' id='word_1_270' title='bbox 1155 2209 1199 2250; x_wconf 86' lang='lat' dir='ltr'><strong>C.</strong></span> <span class='ocrx_word' id='word_1_271' title='bbox 1564 2211 1570 2225; x_wconf 70' lang='lat'><em>³</em></span> 
     </span>
    </p>
   </div>
   <div class='ocr_carea' id='block_1_10' title="bbox 294 2277 1591 2777">
    <p class='ocr_par' dir='ltr' id='par_1_10' title="bbox 294 2277 1591 2777">
     <span class='ocr_line' id='line_1_41' title="bbox 445 2277 1588 2330; baseline 0.001 -14"><span class='ocrx_word' id='word_1_272' title='bbox 445 2277 523 2316; x_wconf 86' lang='lat' dir='ltr'><strong>Hic</strong></span> <span class='ocrx_word' id='word_1_273' title='bbox 550 2289 645 2316; x_wconf 76' lang='lat' dir='ltr'><strong>vero</strong></span> <span class='ocrx_word' id='word_1_274' title='bbox 674 2277 861 2317; x_wconf 90' lang='lat' dir='ltr'><strong>Socrates</strong></span> <span class='ocrx_word' id='word_1_275' title='bbox 890 2278 1037 2316; x_wconf 87' lang='lat' dir='ltr'><strong>docere</strong></span> <span class='ocrx_word' id='word_1_276' title='bbox 1063 2278 1256 2326; x_wconf 87' lang='lat' dir='ltr'><strong>instituit,</strong></span> <span class='ocrx_word' id='word_1_277' title='bbox 1293 2290 1365 2317; x_wconf 89' lang='lat' dir='ltr'><strong>cur</strong></span> <span class='ocrx_word' id='word_1_278' title='bbox 1391 2290 1469 2318; x_wconf 90' lang='lat' dir='ltr'><strong>non</strong></span> <span class='ocrx_word' id='word_1_279' title='bbox 1497 2278 1550 2317; x_wconf 87' lang='lat' dir='ltr'><strong>sit</strong></span> <span class='ocrx_word' id='word_1_280' title='bbox 1559 2289 1588 2330; x_wconf 76' lang='lat'>1</span> 
     </span>
     <span class='ocr_line' id='line_1_42' title="bbox 330 2333 1578 2389; baseline -0.001 -15"><span class='ocrx_word' id='word_1_281' title='bbox 330 2344 404 2374; x_wconf 85' lang='lat' dir='ltr'><strong>nes</strong></span> <span class='ocrx_word' id='word_1_282' title='bbox 430 2333 573 2383; x_wconf 82' lang='lat' dir='ltr'><strong>ipsum,</strong></span> <span class='ocrx_word' id='word_1_283' title='bbox 601 2338 646 2373; x_wconf 88' lang='lat' dir='ltr'><strong>ut</strong></span> <span class='ocrx_word' id='word_1_284' title='bbox 674 2334 854 2385; x_wconf 89' lang='lat' dir='ltr'><strong>discipuli</strong></span> <span class='ocrx_word' id='word_1_285' title='bbox 882 2335 921 2372; x_wconf 91' lang='lat' dir='ltr'><strong>in</strong></span> <span class='ocrx_word' id='word_1_286' title='bbox 948 2335 1163 2384; x_wconf 85' lang='lat' dir='ltr'><strong>sapientiae</strong></span> <span class='ocrx_word' id='word_1_287' title='bbox 1193 2333 1325 2372; x_wconf 90' lang='lat' dir='ltr'><strong>studio</strong></span> <span class='ocrx_word' id='word_1_288' title='bbox 1355 2339 1397 2373; x_wconf 89' lang='lat' dir='ltr'><strong>et</strong></span> <span class='ocrx_word' id='word_1_289' title='bbox 1424 2335 1578 2389; x_wconf 76' lang='lat' dir='ltr'><strong>intellig</strong></span> 
     </span>
     <span class='ocr_line' id='line_1_43' title="bbox 330 2388 1576 2456; baseline 0.002 -30"><span class='ocrx_word' id='word_1_290' title='bbox 330 2388 387 2427; x_wconf 77' lang='lat' dir='ltr'><strong>tia</strong></span> <span class='ocrx_word' id='word_1_291' title='bbox 423 2389 642 2439; x_wconf 85' lang='lat' dir='ltr'><strong>proficiant.</strong></span> <span class='ocrx_word' id='word_1_292' title='bbox 707 2389 796 2429; x_wconf 93' lang='lat' dir='ltr'><strong>Hoc</strong></span> <span class='ocrx_word' id='word_1_293' title='bbox 838 2391 940 2430; x_wconf 90' lang='lat' dir='ltr'><strong>enim</strong></span> <span class='ocrx_word' id='word_1_294' title='bbox 976 2402 1052 2428; x_wconf 91' lang='lat' dir='ltr'><strong>non</strong></span> <span class='ocrx_word' id='word_1_295' title='bbox 1095 2403 1118 2428; x_wconf 93' lang='lat' dir='ltr'><strong>a</strong></span> <span class='ocrx_word' id='word_1_296' title='bbox 1157 2401 1227 2429; x_wconf 85' lang='lat' dir='ltr'><strong>suo</strong></span> <span class='ocrx_word' id='word_1_297' title='bbox 1262 2390 1386 2440; x_wconf 88' lang='lat' dir='ltr'><strong>ipsius</strong></span> <span class='ocrx_word' id='word_1_298' title='bbox 1415 2390 1576 2456; x_wconf 69' lang='lat' dir='ltr'><strong>arbitrio</strong></span> 
     </span>
     <span class='ocr_line' id='line_1_44' title="bbox 329 2444 1591 2499; baseline 0.002 -17"><span class='ocrx_word' id='word_1_299' title='bbox 329 2444 555 2493; x_wconf 82' lang='lat' dir='ltr'><strong>voluntate,</strong></span> <span class='ocrx_word' id='word_1_300' title='bbox 584 2445 656 2484; x_wconf 84' lang='lat' dir='ltr'><strong>sed</strong></span> <span class='ocrx_word' id='word_1_301' title='bbox 684 2458 706 2484; x_wconf 94' lang='lat' dir='ltr'><strong>a</strong></span> <span class='ocrx_word' id='word_1_302' title='bbox 735 2446 940 2485; x_wconf 75' lang='lat' dir='ltr'><strong>daemonio</strong></span> <span class='ocrx_word' id='word_1_303' title='bbox 969 2447 1024 2484; x_wconf 89' lang='lat' dir='ltr'><strong>ait</strong></span> <span class='ocrx_word' id='word_1_304' title='bbox 1052 2445 1247 2495; x_wconf 89' lang='lat' dir='ltr'><strong>pendere,</strong></span> <span class='ocrx_word' id='word_1_305' title='bbox 1277 2445 1382 2496; x_wconf 87' lang='lat' dir='ltr'><strong>quod</strong></span> <span class='ocrx_word' id='word_1_306' title='bbox 1409 2451 1493 2485; x_wconf 91' lang='lat' dir='ltr'><strong>tum</strong></span> <span class='ocrx_word' id='word_1_307' title='bbox 1520 2447 1591 2499; x_wconf 53' lang='lat' dir='ltr'><strong>ipss</strong></span> 
     </span>
     <span class='ocr_line' id='line_1_45' title="bbox 294 2500 1584 2553; baseline 0.002 -15"><span class='ocrx_word' id='word_1_308' title='bbox 294 2502 416 2550; x_wconf 38' lang='lat' dir='ltr'><strong>‚tum</strong></span> <span class='ocrx_word' id='word_1_309' title='bbox 455 2500 669 2540; x_wconf 84' lang='lat' dir='ltr'><strong>familiares</strong></span> <span class='ocrx_word' id='word_1_310' title='bbox 705 2513 801 2541; x_wconf 82' lang='lat' dir='ltr'><strong>suos</strong></span> <span class='ocrx_word' id='word_1_311' title='bbox 837 2501 1068 2552; x_wconf 86' lang='lat' dir='ltr'><strong>quandoque</strong></span> <span class='ocrx_word' id='word_1_312' title='bbox 1101 2514 1124 2539; x_wconf 89' lang='lat' dir='ltr'><strong>a</strong></span> <span class='ocrx_word' id='word_1_313' title='bbox 1161 2501 1390 2552; x_wconf 84' lang='lat' dir='ltr'><strong>quibusdam</strong></span> <span class='ocrx_word' id='word_1_314' title='bbox 1431 2503 1584 2553; x_wconf 52' lang='lat' dir='ltr'><strong>rehus4=</strong></span> 
     </span>
     <span class='ocr_line' id='line_1_46' title="bbox 328 2554 1572 2611; baseline 0.001 -16"><span class='ocrx_word' id='word_1_315' title='bbox 328 2554 517 2595; x_wconf 81' lang='lat' dir='ltr'><strong>hortetur</strong></span> <span class='ocrx_word' id='word_1_316' title='bbox 549 2569 595 2594; x_wconf 87' lang='lat' dir='ltr'><strong>ac</strong></span> <span class='ocrx_word' id='word_1_317' title='bbox 632 2557 847 2597; x_wconf 84' lang='lat' dir='ltr'><strong>deterreat.</strong></span> <span class='ocrx_word' id='word_1_318' title='bbox 914 2558 1111 2605; x_wconf 83' lang='lat' dir='ltr'><strong>Afferam,</strong></span> <span class='ocrx_word' id='word_1_319' title='bbox 1148 2557 1294 2607; x_wconf 89' lang='lat' dir='ltr'><strong>inquit,</strong></span> <span class='ocrx_word' id='word_1_320' title='bbox 1323 2559 1506 2596; x_wconf 88' lang='lat' dir='ltr'><strong>nonnulla</strong></span> <span class='ocrx_word' id='word_1_321' title='bbox 1532 2555 1572 2611; x_wconf 54' lang='lat'><strong>131</strong></span> 
     </span>
     <span class='ocr_line' id='line_1_47' title="bbox 329 2612 1574 2664; baseline 0.002 -14"><span class='ocrx_word' id='word_1_322' title='bbox 329 2612 392 2651; x_wconf 78' lang='lat' dir='ltr'><strong>rei</strong></span> <span class='ocrx_word' id='word_1_323' title='bbox 428 2612 618 2663; x_wconf 83' lang='lat' dir='ltr'><strong>exempla.</strong></span> <span class='ocrx_word' id='word_1_324' title='bbox 685 2613 917 2652; x_wconf 88' lang='lat' dir='ltr'><strong>Charmides</strong></span> <span class='ocrx_word' id='word_1_325' title='bbox 956 2625 1072 2664; x_wconf 91' lang='lat' dir='ltr'><strong>quum</strong></span> <span class='ocrx_word' id='word_1_326' title='bbox 1109 2613 1313 2662; x_wconf 87' lang='lat' dir='ltr'><strong>aliquando</strong></span> <span class='ocrx_word' id='word_1_327' title='bbox 1351 2614 1447 2652; x_wconf 89' lang='lat' dir='ltr'><strong>mihi</strong></span> <span class='ocrx_word' id='word_1_328' title='bbox 1484 2612 1574 2652; x_wconf 81' lang='lat' dir='ltr'><strong>dixis</strong></span> 
     </span>
     <span class='ocr_line' id='line_1_48' title="bbox 329 2666 1586 2722; baseline 0.001 -17"><span class='ocrx_word' id='word_1_329' title='bbox 329 2667 435 2706; x_wconf 77' lang='lat' dir='ltr'><strong>velle</strong></span> <span class='ocrx_word' id='word_1_330' title='bbox 472 2680 518 2707; x_wconf 84' lang='lat' dir='ltr'><strong>se</strong></span> <span class='ocrx_word' id='word_1_331' title='bbox 553 2669 736 2707; x_wconf 84' lang='lat' dir='ltr'><strong>currendi</strong></span> <span class='ocrx_word' id='word_1_332' title='bbox 775 2669 1081 2708; x_wconf 84' lang='lat' dir='ltr'><strong>exercitationes</strong></span> <span class='ocrx_word' id='word_1_333' title='bbox 1118 2668 1351 2716; x_wconf 87' lang='lat' dir='ltr'><strong>instituere,</strong></span> <span class='ocrx_word' id='word_1_334' title='bbox 1389 2673 1434 2708; x_wconf 93' lang='lat' dir='ltr'><strong>ut</strong></span> <span class='ocrx_word' id='word_1_335' title='bbox 1469 2670 1507 2708; x_wconf 91' lang='lat' dir='ltr'><strong>in</strong></span> <span class='ocrx_word' id='word_1_336' title='bbox 1543 2666 1586 2722; x_wconf 55' lang='lat' dir='ltr'><strong>its</strong></span> 
     </span>
     <span class='ocr_line' id='line_1_49' title="bbox 332 2721 1578 2777; baseline -0.002 -14"><span class='ocrx_word' id='word_1_337' title='bbox 332 2721 497 2764; x_wconf 83' lang='lat' dir='ltr'><strong>Nemeis</strong></span> <span class='ocrx_word' id='word_1_338' title='bbox 530 2729 670 2777; x_wconf 88' lang='lat' dir='ltr'><strong>posset</strong></span> <span class='ocrx_word' id='word_1_339' title='bbox 705 2730 884 2774; x_wconf 85' lang='lat' dir='ltr'><strong>certare,</strong></span> <span class='ocrx_word' id='word_1_340' title='bbox 921 2737 944 2764; x_wconf 87' lang='lat' dir='ltr'><strong>a</strong></span> <span class='ocrx_word' id='word_1_341' title='bbox 970 2725 1176 2763; x_wconf 86' lang='lat' dir='ltr'><strong>daemonio</strong></span> <span class='ocrx_word' id='word_1_342' title='bbox 1205 2724 1425 2763; x_wconf 88' lang='lat' dir='ltr'><strong>admonitus</strong></span> <span class='ocrx_word' id='word_1_343' title='bbox 1454 2735 1569 2764; x_wconf 89' lang='lat' dir='ltr'><strong>meo</strong></span> <span class='ocrx_word' id='word_1_344' title='bbox 1577 2753 1578 2760; x_wconf 69' lang='grc'>,</span> 
     </span>
    </p>
   </div>
  </div>
 </body>
</html>
