1624 2904
263 168 319 207 48
716 163 1125 205 DlSPU‘rATlo

263 283 436 319 sterer
476 275 793 327 Prosopograph.
832 275 933 316 Plat.
971 288 1008 326 p.
1051 274 1144 317 11⁷.
1201 275 1298 316 Nam
1328 277 1467 329 Lysias
1495 282 1573 319 etsi

263 337 303 374 in
341 334 523 372 Phaedro
553 333 699 371 acriter
739 332 970 381 corripitur,
999 333 1087 379 quia
1114 332 1154 369 iu
1182 334 1460 383 scriptionibus
1490 337 1574 375 eius

263 390 461 429 amatoriis
492 389 616 427 omnis
636 387 883 425 desideretur
903 387 1166 437 philosophia,
1195 393 1326 427 tamen
1355 403 1429 428 uon
1459 403 1575 429 accu-

262 452 370 484 satur
406 445 642 490 calumniae,
680 456 753 481 nec
789 455 884 480 vero
915 444 1033 480 etiam
1063 455 1132 493 pro
1172 446 1286 482 animi
1315 447 1375 483 sui
1405 447 1588 486 candore,

262 507 303 539 et
342 502 592 551 simplicitate
627 511 792 548 unquam
828 500 868 537 in
904 498 1108 537 Socratem
1139 500 1291 548 iniquus
1325 501 1415 542 fnit.
1469 502 1574 542 Ter-

261 559 315 595 tia
366 562 429 595 est
468 555 877 595 Winckelmanui
927 556 1145 601 sententia,
1201 558 1265 604 qui
1310 556 1493 608 Prolegg.
1532 571 1572 609 p.

258 612 431 653 xxxiv
469 623 555 661 sqq.
621 610 958 661 Thrasymachum
1010 610 1312 649 Chalcedonium
1362 614 1573 662 significari

258 669 474 708 contendit.
530 668 585 706 At
603 679 706 704 xero
733 668 851 705 istum
879 665 1032 715 quidem
1066 679 1088 703 e
1116 668 1240 716 primo
1282 667 1384 705 libro
1411 668 1460 706 de
1489 669 1573 708 Re-

256 725 412 775 publica
440 727 595 762 constat
622 724 843 771 neutiquam
873 722 1161 771 philosophiam
1193 735 1261 772 pro
1284 724 1389 773 turpi
1408 726 1572 774 negotio

257 780 465 827 habuisse,
503 779 542 817 id
581 778 683 827 quod
721 779 798 816 iste
836 778 1052 815 orationum
1092 779 1263 827 scriptor
1299 778 1450 817 fecisse
1478 783 1578 830 per-'

256 837 435 883 hibetur,
466 836 535 873 sed
575 835 704 885 potius
741 835 867 883 ipsum
910 834 1078 883 turpiter
1118 846 1208 871 esse
1237 834 1570 884 philosophatum.

258 894 404 939 Quarta
444 896 573 929 restat
611 889 823 940 Sauppii
866 890 1064 927 sententia
1099 889 1138 927 in
1180 890 1570 931 Zimmermanni

257 947 401 985 Museo
441 947 548 984 Stud.
590 946 800 995 Autiquitt.
836 957 869 982 a.
908 944 1028 985 1835.
1072 944 1119 985 N.
1166 945 1235 984 50.
1283 947 1471 996 exposita.
1530 947 1570 988 Is

255 1005 356 1041 enim
389 1003 644 1041 Theodorum
677 1001 902 1051 Byzantium
933 1001 1143 1050 significari
1170 1004 1303 1051 putat,
1333 1014 1449 1051 quem
1477 1002 1568 1041 Pla-

254 1064 296 1097 to
333 1059 502 1099 Phaedr.
541 1071 580 1109 p.
619 1058 710 1095 2156.
751 1057 796 1097 Ε.
824 1059 939 1093 vocat
966 1056 1293 1106 λογοόαίόαλον.
1351 1058 1464 1106 Quod
1495 1070 1568 1097 ex-

252 1115 345 1153 inde
381 1115 553 1164 colligit,
591 1113 681 1164 quia
717 1111 890 1162 Euthyd.
929 1124 968 1161 p.
1005 1111 1099 1150 305.
1137 1111 1186 1149 E.
1225 1113 1343 1151 xerba
1380 1109 1492 1153 πάνυ
1523 1112 1569 1164 ἐξ

252 1165 421 1217 εἰκότος
462 1165 595 1222 λόγου
637 1167 685 1206 ad
721 1180 810 1206 eum
851 1171 1034 1231 spectare
1071 1167 1296 1216 videantur,
1341 1173 1386 1207 ut
1422 1169 1488 1219 qui
1526 1171 1568 1210 iu

251 1231 338 1264 arte
376 1238 445 1264 sua
483 1225 648 1264 maxime
685 1237 740 1264 τοι
775 1218 921 1264 εἰκότα
961 1224 1202 1262 tractu-elit.
1241 1236 1276 1264 v,
1327 1224 1388 1275 Sp
1406 1226 1566 1275 eugel.

250 1281 447 1332 Synagog.
494 1295 533 1332 p.
585 1280 640 1318 98
681 1292 765 1331 sqq.
830 1280 884 1318 At
923 1280 1024 1317 enim
1069 1291 1161 1316 iero
1198 1281 1368 1318 ‘omnium
1408 1283 1565 1320 omnino

250 1339 456 1376 rhetorum
495 1336 666 1375 studium
704 1335 796 1374 inde
833 1347 854 1373 a
895 1335 1005 1373 Tisia
1039 1340 1081 1373 et
1129 1334 1279 1373 Corace
1322 1337 1565 1386 pertinuisse

249 1394 415 1431 maxime
453 1393 502 1431 ad
540 1389 591 1432 τά
622 1388 768 1431 εἰκότα
798 1391 1014 1429 clarissime
1041 1394 1208 1440 apparet
1236 1403 1283 1429 ex
1311 1391 1493 1431 Phaedro
1523 1405 1566 1444 p.

248 1449 342 1489 267.
371 1449 406 1487 A
448 1461 487 1498 Ρ.
517 1447 611 1485 27⁶2.
642 1447 686 1487 1).
718 1447 762 1486 Ε
778 1476 790 1493 ,
819 1452 863 1484 ut
891 1459 1006 1484 unum
1037 1446 1292 1484 Theodorum
1331 1448 1393 1485 his
1433 1448 1563 1487 verbis

248 1505 459 1554 significari
497 1516 574 1541 non
613 1504 665 1541 sit
701 1502 924 1539 werisimilc.
987 1501 1094 1539 idem
1122 1502 1366 1540 iudicandum
1397 1502 1467 1540 de
1466 1516 1564 1542 ver-

245 1560 306 1598 bis
340 1559 579 1610 Eutlmlem.
618 1572 656 1609 Ρ.
690 1558 785 1596 304.
824 1557 871 1597 E.
911 1556 982 1596 καὶ
1033 1557 1128 1608 περὶ
1173 1553 1350 1604 ον’·ὸενὸς
1396 1555 1562 1608 ἀξίων

243 1612 477 1664 ἀναξιαν
507 1609 699 1663 σπουὸἠν
729 1613 1049 1663 πεποιημένων,
1078 1613 1145 1649 ubi
1174 1616 1333 1650 notatur
1361 1626 1455 1651 usus
1485 1619 1561 1664 'pa-

243 1672 512 1717 ronomasiae,
564 1671 628 1708 cui
673 1669 848 1706 scholam
895 1667 1129 1717 Gorgianam
1181 1670 1345 1706 maxime
1388 1669 1561 1710 deditam

242 1726 370 1765 fuisse
399 1740 448 1764 ex
477 1728 565 1776 ipso
593 1725 759 1763 Platone
795 1725 1018 1762 certissime
1055 1727 1222 1762 constat.
1279 1724 1445 1763 Possum
1484 1726 1558 1765 alia

243 1783 362 1820 etiam
391 1783 548 1828 afferre,
578 1794 647 1819 cur
667 1793 743 1818 non
764 1781 816 1818 sit
830 1779 1018 1817 credibile
1048 1779 1303 1818 Theodorum
1323 1781 1558 1831 significari:

241 1838 312 1877 sed
351 1851 397 1876 ea
433 1842 544 1876 tanto
581 1838 731 1875 rectius
761 1836 922 1874 silentio
951 1847 1197 1885 prememus,
1236 1841 1379 1885 quanto
1409 1837 1558 1876 certius

238 1895 315 1932 iam
354 1895 537 1944 apparuit
573 1905 749 1942 magnam
793 1904 882 1929 esse
921 1891 1035 1929 istius
1077 1892 1312 1941 suspicionis
1339 1892 1553 1930 levitatem.

239 1947 571 1998 Quemadmodum
599 1960 693 1986 vero
723 1959 838 1985 nemo
867 1947 1091 1997 investigari
1118 1948 1280 1996 poterit,
1310 1960 1423 1997 quem
1442 1947 1556 1986 Plato

236 2010 397 2055 praeter
435 2009 592 2043 ceteros
631 2004 827 2042 notaverit
864 2015 909 2040 ac
954 2003 1281 2052 reprehenderit,
1329 2005 1404 2041 nisi
1445 2003 1555 2042 forte

235 2062 407 2099 volueris
441 2061 589 2098 homini
625 2059 774 2098 cuidam
813 2058 930 2096 docto
963 2059 1128 2096 credere
1155 2060 1330 2109 ignotum
1361 2059 1554 2108 quendam

234 2117 357 2154 virum
401 2116 701 2166 intelligendum
738 2114 946 2160 iudicanti;
984 2127 1034 2152 ne
1071 2115 1272 2164 probabile
1302 2115 1456 2163 quidem
1487 2119 1554 2154 est

234 2176 387 2211 certum
417 2173 582 2219 aliquem
605 2172 708 2210 illius
731 2172 870 2209 aetatis
901 2172 1133 2219 scriptorem
1166 2171 1389 2220 significari,
1419 2182 1551 2219 quum,

231 2232 276 2266 ut
314 2229 413 2275 dixi,
455 2231 580 2266 totum
617 2227 722 2265 istud
758 2227 887 2264 vilium
919 2228 1153 2275 scriptorum
1183 2238 1306 2277 genus
1336 2223 1550 2277 perstringi

230 2284 509 2322 existimemus.
577 2283 676 2321 Nam
713 2283 748 2321 si
783 2285 916 2320 certuz
955 2282 1094 2331 aliquis
1133 2283 1288 2320 illorum
1327 2288 1548 2332 temporum

227 2340 367 2377 rhetor
407 2340 713 2390 significaretur,
752 2339 907 2375 dubium
936 2349 1011 2375 non
1041 2343 1127 2382 est,
1167 2339 1256 2386 quin
1285 2336 1401 2375 Plato
1430 2338 1548 2388 inge—
1607 2329 1613 2361 Ὗ

227 2396 331 2433 nium
362 2396 445 2433 eius
474 2399 592 2443 atque
621 2407 752 2432 mores
781 2394 977 2442 aliquanto
1009 2394 1223 2431 accuratius
1243 2392 1388 2431 fuisset
1407 2393 1548 2431 adum·
1608 2422 1610 2429 ,

227 2450 421 2490 braturus.
479 2450 590 2488 Nunc
632 2450 729 2487 nihil
767 2449 883 2492 dixit,
914 2449 1017 2497 quod
1047 2461 1124 2488 non
1154 2450 1191 2486 in
1235 2460 1370 2487 omnes
1406 2450 1546 2487 istius-
1606 2456 1609 2500 ξ

224 2507 330 2544 modi
368 2506 547 2544 homines
582 2507 798 2543 conveniat.
865 2505 923 2543 Ex
958 2516 1036 2554 quo
1089 2516 1333 2553 consequens
1385 2508 1460 2551 est,
1502 2509 1544 2542 ut
1602 2501 1607 2530 ’ἶ

225 2573 451 2600 communes
492 2573 625 2600 eorum
670 2562 837 2599 virtutes
868 2565 911 2599 et
934 2560 1026 2598 vitia
1055 2561 1119 2598 uni
1148 2572 1342 2609 personae
1371 2561 1543 2599 tributae

224 2619 323 2664 sint,
363 2629 436 2667 per
478 2630 590 2667 quam
630 2629 767 2656 omnes
802 2620 1210 2667 repraesentarentur.
1286 2616 1433 2664 Quodsi
1473 2627 1541 2653 au-
1597 2621 1604 2660 gj

222 2676 305 2713 tem
334 2673 511 2723 quaeris,
540 2685 610 2712 cur
638 2684 735 2712 unus
764 2671 904 2724 aliquis
930 2672 1194 2720 informetur,
1232 2671 1343 2711 cuius
1373 2672 1542 2723 imagine
