1624 2904
319 154 375 193 34
775 150 1179 196 DISPUTATIO

323 269 411 310 tur,
441 265 533 303 talia
562 263 598 302 ei
628 274 743 308 esse,
782 265 910 302 omnia
937 265 1019 303 visa
1048 269 1167 315 atque
1194 267 1399 317 opiniones
1437 279 1512 318 pro
1539 268 1622 306 veri

280 319 287 327 '
323 321 480 359 habuit:
511 332 651 359 sensus
680 321 782 358 enim
812 321 1000 371 cuiusque
1029 322 1088 359 rei
1121 335 1167 360 ex
1197 324 1280 360 eius
1311 325 1508 361 sententia
1538 337 1621 362 sem

322 390 395 428 per
433 380 516 423 est,
556 388 684 426 neque
712 377 746 414 is
789 389 955 428 unquam
986 376 1138 425 salsus,
1177 386 1220 416 ut
1259 378 1335 429 quo
1361 380 1448 429 ipsa
1477 380 1624 417 scienti:

280 443 287 447 ·
322 433 582 472 contineatur.
641 433 700 470 Ex
738 443 814 482 quo
858 433 1122 484 philosophus
1173 426 1290 472 etium
1338 434 1414 472 hoc
1451 447 1623 485 consequ

321 489 457 535 voluit,
487 489 680 527 neminem
698 488 812 525 simul
843 489 987 538 aliquid
1019 501 1139 539 posse
1170 495 1211 528 et
1240 493 1344 528 scire
1375 495 1416 528 et
1446 492 1624 541 ignorare

320 544 400 582 imo
438 556 531 581 vero
567 556 761 595 quemque
799 556 957 594 semper
995 546 1099 583 scire
1129 548 1278 593 omnia,
1319 558 1510 595 iun-quum
1541 547 1624 584 fals:

319 601 471 650 opinari
499 599 551 649 *).
611 600 672 637 Ex*
706 613 783 648 qno
812 601 959 638 clarum
990 600 1081 638 fore
1101 607 1297 651 putamus,
1327 613 1403 652 quo
1425 603 1511 650 iure
1540 603 1624 640 han·

320 655 676 694 conclusiunculam
706 655 946 706 Euthydemi
975 668 998 694 e
1027 656 1273 709 Protagorae
1302 659 1460 710 placitis
1486 657 1624 698 deriva-

319 713 400 750 tam
427 719 519 750 esse
549 713 831 752 censuerimus,

429 798 597 838 Frustra
616 805 748 839 autem
768 799 956 838 Socrates
985 799 1191 850 sophistae
1219 801 1385 852 opponit
1413 802 1505 850 hoc,
1535 815 1624 855 quo«

317 854 394 893 sibi
439 867 517 894 non
567 857 716 902 omnia,
766 855 837 894 sed
885 856 1054 905 aliqua
1101 861 1251 894 tantum
1296 859 1400 896 scire
1441 860 1624 898 videatur

318 911 530 950 Enimvero
562 912 742 949 acerrimi
783 912 1074 962 disputatores,
1111 925 1161 949 ne
1198 913 1354 951 scilicet
1382 914 1522 952 denuo
1543 929 1624 966 pos·

320 968 399 1006 sint
428 969 589 1017 coargui
618 973 660 1005 et
687 968 871 1014 refutari,
899 967 999 1004 hanc
1028 968 1065 1005 ei
1094 968 1168 1005 iam
1200 971 1473 1018 praescribunt
1501 971 1624 1022 dispu-

319 1022 428 1061 tandi
463 1023 592 1073 legem
633 1028 752 1074 atque
791 1035 988 1069 normam,
1031 1027 1075 1060 ut
1104 1025 1338 1074 simpliciter
1374 1026 1436 1063 vel
1465 1027 1544 1065 aiat
1572 1040 1621 1064 ve

317 1083 459 1128 neget,
499 1079 595 1117 nihil
633 1080 841 1130 quidquam
863 1076 993 1116 ‘addat
1030 1079 1079 1116 de
1107 1092 1192 1120 suc.
1250 1080 1443 1129 Quocirca
1473 1083 1511 1120 ei
1539 1084 1621 1120 nihi

318 1134 553 1184 relinquitur
590 1136 665 1173 nisi
703 1135 801 1182 hoc,
840 1139 885 1172 nt
927 1146 996 1172 eos
1023 1136 1195 1173 vicissim
1225 1138 1402 1186 captiosa
1428 1151 1624 1188 argumen-

317 1191 466 1228 tatione
495 1191 656 1229 irretire
683 1191 853 1229 stmleat.
910 1189 1074 1238 Quaerit
1099 1192 1222 1242 igitur
1250 1204 1295 1229 ex
1325 1193 1396 1240 iis,
1426 1206 1516 1232 num
1544 1196 1622 1245 ipsi

317 1246 406 1295 quia
425 1246 553 1295 aliqua
582 1248 719 1294 sciant,
750 1247 866 1284 etiam
897 1251 1118 1285 ceterarum
1146 1260 1278 1285 rerum
1308 1249 1477 1298 omnium
1507 1252 1624 1289 scien-

314 1302 409 1340 tiam
439 1305 612 1340 teneant.
669 1303 783 1351 Quod
823 1303 1001 1352 quoniam
1039 1310 1186 1354 negare
1224 1316 1301 1341 non
1331 1311 1522 1354 possunt,
1561 1298 1620 1345 uss

315 1369 455 1407 parum
497 1363 726 1397 constanter
764 1359 969 1409 disputare
998 1359 1123 1396 videri
1152 1359 1298 1406 velint3
1337 1360 1443 1398 facili
1474 1364 1624 1412 negoti(

316 1425 365 1450 eo
400 1413 654 1463 rediguntur,
694 1419 737 1453 ut
773 1414 1052 1452 absurdissima
1089 1427 1268 1466 quaeque
1303 1417 1524 1456 concedere
1565 1430 1624 1456 co-

315 1471 457 1520 gantur
484 1467 563 1521 **).

365 1554 367 1557 ⁴
425 1543 487 1584 lta
531 1546 653 1597 igitur
697 1545 764 1584 hic
806 1557 942 1585 rursus
982 1546 1119 1584 eadem
1155 1558 1275 1597 opera
1312 1551 1352 1587 et
1389 1548 1624 1601 Protagorae

315 1602 511 1640 sententia
546 1601 746 1640 refellitur
790 1609 831 1641 et
880 1601 1145 1652 sophistarum
1179 1605 1365 1654 'carpitur
1411 1606 1624 1646 disserendi

314 1658 441 1704 ratio,
483 1658 539 1696 ita
576 1658 756 1708 quidem,
793 1662 837 1697 ut
875 1670 986 1695 more
1026 1657 1229 1696 Socratico
1277 1672 1408 1699 rerum
1445 1664 1624 1702 notiones

314 1713 499 1752 subtilius
528 1713 812 1751 discernantur.
866 1714 1056 1751 Nimirum
1078 1714 1180 1764 quod
1201 1716 1266 1752 isti
1287 1717 1468 1755 volebant
1487 1732 1624 1770 quem-

314 1780 392 1819 que
422 1781 580 1820 semper
609 1771 735 1807 omnia
765 1770 888 1815 scire,
920 1770 1008 1820 quia
1035 1770 1148 1820 quale
1180 1770 1350 1821 quidque
1379 1774 1522 1824 cuique
1550 1788 1624 1827 ap·-

312 1829 493 1876 pareret,
532 1825 611 1863 tale
653 1826 770 1863 etiam
810 1830 937 1873 esset,
973 1826 1011 1863 in
1049 1838 1097 1864 eo
1134 1825 1320 1865 Socrates
1351 1833 1470 1879 atque
1510 1830 1624 1869 Plato

310 1880 431 1919 facile
459 1880 716 1931 pervidebant
743 1894 923 1932 magnum
952 1883 1083 1919 inesse
1112 1883 1305 1931 opinionis
1344 1897 1535 1934 errorem,
1565 1888 1624 1925 si-

310 1936 467 1987 quidem
495 1937 549 1974 ita
578 1943 912 1987 consequeretur,
953 1937 1055 1988 quod
1085 1950 1200 1976 nemo
1231 1942 1383 1979 temere
1412 1953 1622 1982 concesse-

307 1991 381 2040 rit,
419 1994 613 2031 neminem
653 1999 819 2044 unquam
853 1995 1081 2045 cuiusquam
1123 1995 1182 2032 rei
1227 2007 1319 2034 esse
1355 1998 1522 2037 inscium
1557 1999 1621 2038 vel

307 2048 546 2100 imperitum.

417 2125 498 2164 Sed
527 2126 590 2164 vel
627 2125 857 2165 adolescens
899 2127 1110 2178 Ctesippus
1139 2128 1241 2179 apud
1269 2128 1472 2169 Platonem
1503 2144 1617 2182 quam

305 2180 429 2220 inanis
460 2195 506 2220 ea
535 2183 588 2221 sit
615 2183 715 2220 ratio
743 2182 850 2221 facili
881 2186 1041 2234 negotio
1071 2186 1270 2234 perspicit.
1328 2187 1521 2235 Quocirca
1550 2200 1617 2226 so-

304 2237 484 2287 phiatas,
519 2243 565 2276 ut
593 2243 656 2276 est
691 2239 871 2288 petulans
903 2248 1020 2290 atque
1051 2246 1280 2290 protervus,
1320 2242 1484 2281 ioculari
1512 2245 1615 2294 petit

303 2293 508 2340 irrisione,
537 2294 798 2344 hominesque
827 2295 982 2333 vetulos
1013 2303 1053 2334 et
1082 2296 1292 2334 edentulos
1320 2297 1453 2337 facete
1482 2306 1611 2351 rogat.

246 2360 249 2362 ·
299 2353 345 2386 nt
369 2352 538 2400 uterque
566 2349 691 2397 dicat,
723 2354 819 2400 quot
847 2351 949 2389 alter
977 2351 1121 2390 habeat
1150 2352 1303 2392 dentes.
1361 2354 1448 2402 Quo
1478 2357 1537 2404 fit,
1567 2359 1612 2394 ut

297 2403 358 2443 illi
393 2405 632 2456 perridicula
667 2408 822 2446 ratione
858 2407 899 2447 iu
934 2408 1087 2447 consilii
1127 2409 1295 2459 inopiam
1341 2412 1610 2451 conficiantur.

459 2525 553 2533 ..-

347 2599 395 2648 Ὲ)
419 2610 451 2636 v,
474 2602 645 2635 Ritteri
670 2604 802 2636 Hister,
827 2603 1020 2644 Philosoph.
1045 2605 1139 2640 Tom.
1164 2610 1192 2641 1.
1217 2618 1248 2649 p.
1271 2611 1334 2641 601
1360 2614 1410 2646 sq·

334 2665 388 2705 ”J
417 2670 528 2706 mque
550 2670 590 2700 ad
618 2680 648 2708 p.
674 2673 751 2702 294.
778 2674 812 2704 Β.
