1624 2904
285 185 364 225 on
399 178 822 224 EUTm‘oEMo
859 168 1203 226 PLATON1S.
1354 171 1410 223 '21'

69 301 221 340 alienos
262 311 430 350 carpere
475 302 518 336 et
555 299 697 335 notare
736 295 1006 335 constituerit.
1064 295 1146 335 Sed
1178 294 1278 336 satis
1305 294 1409 338 haec

69 359 120 398 de
152 359 348 397 sermonis
378 356 520 395 initio:
553 353 728 393 redimus
757 353 808 392 ad
836 352 1016 392 Socratis
1043 353 1324 395 narrationem.>

184 472 223 512 is
252 470 377 522 igitur
406 483 428 508 a
458 468 624 507 Critone
651 468 945 520 interrogatus,
976 468 1104 519 Qualis
1144 468 1304 510 tandem
1333 467 1409 510 ho-

68 530 216 569 minum
266 530 436 567 istorum
475 527 528 564 sit
577 526 772 577 sapientia
816 529 860 564 et
896 525 990 577 quid
1033 526 1312 577 profiteantur,
1352 527 1411 567 ita

69 599 232 626 narrare
276 585 425 635 incipit.
498 583 628 633 Quum
677 596 701 622 e
744 582 905 634 LyceO,
951 583 1103 634 inquit,
1153 582 1410 624 discessurus

70 657 229 690 essem,
270 645 439 692 repente
472 653 493 678 a
538 638 746 679 daemonio
786 638 1013 679 admonitus
1039 644 1132 691 meo
1170 639 1226 679 ibi
1255 634 1407 685 diutius

69 711 278 740 remanere
317 698 474 737 decrevi
513 701 635 748 atq‘ue'
670 703 809 736 rursus
840 697 1018 737 consedi.·
1074 697 1153 746 Vix
1181 697 1262 737 hoc
1289 698 1409 737 fece-

69 771 176 805 ram,
216 770 333 807 quum
372 750 652 806 Euthydemus
683 759 725 794 et
754 753 1058 806 Dionysodorus
1087 755 1239 794 nitrant
1266 758 1411 807 magna

71 815 207 865 stipati
249 814 490 852 audientium
531 818 688 851 caterva
726 809 770 850 et
809 812 1050 865 aliquamdiu
1077 812 1118 851 in‘
1146 811 1307 864 porticu
1336 812 1409 851 de-

70 871 283 912 ambulant.
356 870 512 908 Interea
549 870 709 909 advenit
752 869 924 918 ennias,
968 869 1141 909 Axioc'hi
1186 864 1319 918 filius,-
1365 874 1411 910 et

70 942 144 967 nna
183 941 272 966 cum
311 921 399 979 ipso
447 931 613 977 praeter
654 925 755 965 alios
801 927 888 965 eius
941 930 1142 967 amatores
1188 927 1410 982 Ctesippus

69 985 350 1033 l‘aeaniensis,
391 983 628 1023 adolescens
655 985 751 1024 boni
780 983 954 1035 ingenii,
985 984 1059 1023 sed
1087 984 1200 1024 dicax
1228 983 1336 1024 idem
1365 988 1410 1024 et

69 1047 304 1095 protervus3
341 1041 407 1092 qui
449 1042 556 1080 iuxta
583 1044 649 1080 me
676 1041 957 1083 consederunt.
1016 1040 1106 1090 Quo
1134 1041 1411 1081 animadverso

70 1100 506 1151 sopliistaeprotenns
544 1099 594 1137 ad
631 1111 705 1138 nos
749 1098 1002 1147 advolarunt,
1031 1099 1214 1138 futurum
1244 1100 1411 1151 sperau-

68 1162 158 1205 tes,
195 1162 239 1196 ut
279 1156 446 1195 Cliniam
484 1157 582 1195 artis
620 1164 715 1195 suae
753 1155 1017 1205 incenderent
1051 1155 1283 1208 cupiditate.
1350 1151 1410 1197 Et

68 1215 348 1266 Eutthemus
392 1213 551 1264 quidem
592 1214 700 1252 iuxta
739 1213 928 1261 Cliniam,
970 1207 1275 1265 Dionysodorus
1311 1224 1411 1253 vero

67 1273 246 1323 proxime
275 1271 322 1310 ad
354 1284 418 1309 me
448 1268 653 1319 consedit,
683 1271 872 1322 cingente
900 1281 973 1308 nos
1003 1282 1143 1323 magna
1164 1272 1304 1310 eorum
1334 1282 1410 1308 co·-

68 1342 180 1377 rona,
210 1330 276 1379 qui
305 1336 512 1366 sermones
542 1330 706 1366 nostros
735 1327 873 1365 audire
901 1326 1066 1367 vellent.
1124 1327 1184 1367 lbi
1213 1339 1292 1380 ego
1324 1327 1410 1367 Cli-

68 1388 158 1424 niae
198 1386 441 1435 sapientiae,-
483 1396 557 1434 qua
595 1385 670 1423 viri
711 1384 978 1433 excellerent,
1016 1383 1328 1436 magnitudinem
1366 1388 1412 1426 et

68 1442 350 1496 praestantiam
389 1445 633 1493 magnopere
669 1441 944 1492 praedicabam
991 1446 1035 1479 et
1072 1440 1408 1496 commendabam.

71 1499 153 1538 Sed
182 1499 239 1538 illi
268 1498 448 1536 laudibus
479 1499 579 1536 meis
610 1511 686 1536 non
718 1499 899 1536 contenti
927 1509 974 1537 se
1002 1498 1123 1537 etiam
1146 1499 1272 1538 maius
1294 1497 1409 1549 quid-

72 1557 159 1595 dam
190 1553 377 1595 dicebant
401 1555 614 1606 profiteri3
652 1552 907 1594 affirmabant
931 1555 1036 1594 enim
1067 1568 1121 1594 se
1150 1555 1409 1596 virtutem

69 1626 224 1666 posse
253 1616 307 1651 et
336 1612 536 1663 optime
567 1613 783 1651 omnium
815 1615 866 1651 et
892 1624 1015 1651 vero
1046 1613 1208 1651 etiam
1239 1613 1408 1653 celer-
1442 1637 1448 1647 ι

70 1671 200 1710 rime
229 1667 471 1708 tradere(
513 1669 665 1719 Quibus
696 1670 840 1707 auditis
872 1681 968 1722 ego,
999 1667 1066 1720 qni
1094 1670 1156 1708 rei
1184 1669 1410 1710 difficulta-

70 1733 153 1768 tem
192 1738 352 1777 semper
388 1731 642 1778 perspectam
682 1726 937 1782 habuissem,
972 1727 1238 1779 vehementer
1268 1728 1411 1767 obstu-

71 1785 161 1836 pui,
196 1784 370 1834 ideoque
407 1797 478 1822 eos
521 1784 683 1835 rogavi,
732 1788 777 1823 ut
816 1794 920 1823 nunc·
956 1783 1074 1823 liuius
1111 1785 1173 1824 rei
1202 1786 1410 1837 specimen

72 1842 231 1892 aliquod
271 1844 544 1893 proponerent
573 1847 705 1891 atque,
734 1842 869 1880 missis
898 1841 986 1880 aliis
1016 1842 1171 1881 artibus
1202 1841 1300 1890 suis,
1329 1843 1418 1883 hoc.

72 1911 191 1938 unum
219 1903 411 1950 agerent,
445 1902 492 1937 ut
522 1897 674 1937 Cliniae
703 1899 860 1938 virtutis
890 1899 1064 1938 studium
1082 1899 1413 1941 commendarent

73 1961 117 1996 et
143 1957 195 1996 ob
222 1954 264 1996 id
293 1957 421 2007 ipsum
453 1966 543 1995 cum
572 1967 623 1995 eo
654 1966 882 1996 sermonem
909 1957 1170 1997 instituerent
1185 1954 1241 2010 *).

183 2070 299 2121 Quod
327 2070 450 2123 igitur
486 2081 607 2121 supra
646 2070 954 2122 significavimus
994 2072 1151 2110 inanem
1186 2063 1304 2110 istam
1344 2083 1412 2111 so·-

74 2127 294 2180 phistarum
325 2126 575 2167 dialecticam
607 2140 699 2167 sese
726 2128 955 2178 importune
982 2130 1140 2168 virtutis
1178 2129 1412 2181 magistram

74 2186 343 2232 iactitat-isse,
372 2185 412 2223 id
435 2184 502 2223 hic
530 2185 579 2223 ab
608 2185 698 2236 ipso
726 2184 896 2224 Platone
923 2185 1102 2225 videmus
1133 2185 1286 2225 diserte
1315 2198 1412 2225 con-

74 2242 236 2283 firmari.
301 2242 463 2281 Etenim
492 2236 713 2281 virtutis
754 2251 898 2281 nomen
928 2252 1045 2293 quum
1075 2247 1234 2294 pateret
1261 2244 1413 2283 latissi-

75 2311 163 2347 me,
193 2299 400 2351 sophistae
428 2299 518 2346 isti,
545 2298 791 2351 Protagorae
809 2297 874 2352 **)
919 2301 1087 2339 maxime
1117 2301 1246 2339 secuti
1277 2313 1412 2340 exem-

79 2356 200 2407 plum,
232 2369 309 2407 quo
342 2356 500 2395 facilius
519 2356 679 2395 iuvenes
702 2356 749 2394 ad
787 2369 882 2395 sese
911 2358 1135 2405 allicerent,
1165 2358 1415 2408 disciplinam

77 2414 163 2451 eius
193 2419 237 2452 et
265 2415 555 2452 institutionem
584 2414 768 2464 profiteri
797 2425 876 2453 non
898 2414 1189 2455 dubitaverunt.
1247 2415 1416 2454 Scilicet

75 2470 357 2511 intellexerunt
383 2466 445 2510 illi
471 2471 659 2512 virtutem
689 2471 870 2522 civilem,
898 2472 978 2512 hoc
1006 2477 1070 2513 est
1099 2473 1329 2522 utilitatem,
1358 2472 1414 2512 si·

140 2690 176 2732 ⁶)
201 2693 236 2723 r.
262 2691 340 2724 2⁴12.
365 2695 402 2726 e.
428 2711 471 2717 -
495 2697 573 2726 275.
607 2692 645 2727 e.

118 2758 174 2800 ⁸²²²)
201 2762 239 2791 Y.
265 2762 349 2793 mat.
373 2763 409 2793 in
435 2764 613 2804 Protagor.

130 2817 218 2848 mat.
246 2819 332 2857 opp.
358 2820 432 2850 vo1.
458 2821 514 2852 vt.
539 2822 630 2855 Sect.
658 2823 686 2856 1.
822 2844 825 2846 »
1093 2824 1121 2862 2
