1624 2904
306 146 387 190 DE
427 144 855 190 EUTHYDEMO
897 141 1435 188 PLATONIS.11

93 262 202 316 gatis
256 256 591 305 conclusiunculis
641 274 766 315 posse
811 259 1059 301 labefactare
1103 263 1148 302 et
1191 258 1436 314 convellere,

90 320 235 370 Neque
272 320 373 360 haec
412 320 564 360 rixandi
600 324 643 359 et
677 317 897 359 altercandi
934 318 1184 358 consuetudo
1216 318 1265 358 ab
1293 330 1434 358 eorum

89 368 297 427 doctrina,
316 379 351 418 si
379 390 480 429 quae
511 377 604 426 fuit,
632 377 854 419 abhorruit,
908 375 1008 416 Nam
1034 374 1319 428 Euthydemus
1340 375 1434 426 qui.-

89 434 184 474 dem
213 435 268 473 ita
285 436 362 474 sibi
390 439 666 487 persuaserat·
694 434 802 475 πᾶσι
830 428 974 475 πάντα
1003 429 1170 485 ὁμοίως
1199 429 1312 474 εἶναι
1339 428 1434 486 ἅμα

88 491 164 533 καὶ
193 487 261 531 ἀεί
283 490 352 546 *),
391 505 526 532 rerum
554 496 733 531 naturam
764 491 991 530 hominibus
1021 490 1070 529 ad
1099 503 1219 530 unum
1249 490 1432 530 omnibus

87 548 256 588 eandem
285 561 572 600 usquequaque
601 561 694 588 esse
713 548 839 587 videri
867 560 999 598 neque
1015 548 1104 587 aliis
1123 553 1310 598 tempore
1331 558 1433 598 quo-

86 617 168 656 que
205 606 346 653 aliam;
381 620 404 645 a
442 619 520 656 qua
567 608 768 645 sententia
823 605 1036 657 profectus
1083 604 1273 645 similiter.
1310 610 1433 655 atque

85 662 331 714 Protagoras
371 663 561 714 quidquid
598 663 804 702 diceretur
831 663 1035 701 infirmare
1065 667 1110 702 et
1137 663 1185 701 in¹
1206 661 1432 700 dubitatio-

83 731 177 759 nem
211 732 356 759 vocare
392 722 537 771 potuit.
593 721 707 760 Hanc
744 721 870 773 igitur
907 725 1035 759 artem
1075 719 1175 759 satis
1210 718 1430 770 ignobilem

81 775 318 816 factitantes
347 777 407 817 illi
436 777 541 830 apud
578 778 793 830 aequales,
830 781 977 828 utpote
1014 776 1153 816 talium
1181 775 1429 828 argutiarum

81 835 398 884 amantissimos,
436 847 515 874 non
556 837 735 887 exiguam
773 834 959 874 videntur
995 834 1134 886 adepti
1161 845 1261 875 esse
1284 835 1429 872 aucto-2

79 891 256 932 ritatem.
316 891 442 931 Certe
482 893 642 944 quidem
678 893 865 945 plerique
902 891 1151 943 syllogismi,
1190 891 1259 942 qui
1298 889 1348 929 ab
1376 889 1428 929 iis

78 948 185 1000 apud
213 948 421 988 Platonem
461 950 750 1001 proferuntur,
790 950 839 988 ab
868 948 1096 991 Aristotele
1124 947 1198 987 De
1235 946 1428 998 Sophi-

79 1009 274 1044 starum
315 1006 574 1046 Elenchis
606 1004 672 1060 **)
722 1007 1018 1054 examinantur,
1057 1017 1158 1057 quos
1196 1015 1344 1044 vereor
1381 1006 1428 1044 ut

78 1061 294 1115 Stagirites
325 1063 474 1103 fuisset
501 1068 820 1112 memoraturus,
848 1064 927 1102 nisi
956 1063 1175 1102 multorum
1201 1062 1356 1101 animos
1385 1061 1427 1101 iu

75 1131 123 1158 se
151 1120 458 1163 convertissent.
516 1122 747 1173 Quanquam
785 1121 876 1160 fieri
904 1123 1075 1172 potest,
1106 1123 1154 1162 ut
1191 1118 1310 1158 Plato
1347 1117 1426 1157 hos

74 1177 330 1229 potissimum
360 1179 565 1230 sophistas
596 1178 844 1218 disserentes
875 1177 1050 1227 fecerit,
1075 1189 1156 1216 nou
1185 1177 1281 1228 quia
1306 1187 1428 1227 prae-

74 1238 140 1272 ter
168 1239 331 1274 ceteros
371 1235 560 1275 honorati
600 1241 761 1285 essent,
798 1235 871 1275 sed
913 1234 1020 1286 quod
1059 1246 1199 1273 eorum
1238 1232 1426 1284 exemplo

76 1292 230 1342 optime
274 1297 418 1343 posset
465 1293 755 1340 demonstrari,
811 1304 1020 1344 quousque
1067 1291 1202 1330 rabies
1249 1290 1331 1329 ista
1371 1288 1426 1328 de

75 1349 258 1387 omnihus
285 1349 408 1387 rebus
448 1350 670 1388 altercandi
707 1354 750 1388 et
779 1348 931 1388 rixandi
961 1352 1075 1387 esset
1101 1359 1345 1400 progressa,
1381 1349 1426 1386 et

76 1410 268 1455 quantum
296 1418 344 1443 ea
374 1405 605 1445 detrimenti
633 1419 752 1445 verae
783 1406 1007 1458 sapientiae
1034 1404 1273 1456 disciplinae
1301 1402 1424 1442 affer«-

75 1466 141 1500 ret
163 1458 266 1514 ***).
324 1462 424 1500 Nam
455 1464 561 1514 qnod
590 1463 668 1502 iam
711 1467 830 1501 antea
865 1462 1108 1513 significavi,
1138 1473 1240 1512 quae
1267 1461 1309 1499 in
1336 1459 1424 1499 Eu-

74 1518 268 1569 thydemo
298 1531 321 1556 a
351 1518 519 1558 Platone
549 1524 642 1558 sunt
671 1520 868 1571 exposita,
897 1518 1202 1570 haudquaquam
1230 1517 1281 1556 ad
1300 1529 1423 1558 unum

71 1574 372 1629 Euthydemnm
413 1580 455 1615 et
491 1576 812 1628 Dionysodorum
853 1580 1064 1627 spectant,
1103 1575 1178 1615 sed
1211 1575 1423 1627 pertinent

71 1633 208 1684 potius
257 1632 308 1672 ad
347 1633 637 1685 explodendam
675 1638 806 1673 totam
840 1633 951 1673 illam
992 1633 1219 1681 eristicam,
1258 1645 1360 1684 quae
1397 1644 1423 1673 n

72 1689 295 1741 Protagora
325 1690 492 1730 duxerat
522 1692 743 1743 originem,
772 1692 852 1730 imo
884 1692 1005 1730 etiam
1033 1690 1083 1729 ad
1111 1690 1244 1742 ipsum
1274 1688 1421 1728 Prota-

71 1758 224 1798 goram.
282 1747 404 1786 Cuius
434 1748 495 1787 rei
524 1749 731 1800 complura
760 1750 854 1788 sunt
881 1752 1117 1800 argumenta
1135 1746 1185 1786 ab
1215 1747 1306 1798 ipso
1326 1746 1421 1787 Pla-

74 1810 173 1843 tone
213 1816 292 1843 non
333 1805 514 1844 obscuris
555 1819 649 1845 sane
689 1805 844 1846 indiciis
882 1804 1067 1858 prodita,
1113 1815 1247 1857 neque
1285 1807 1420 1846 tamea

75 1860 206 1900 adhuc
235 1874 258 1900 a
294 1874 491 1915 quoquam
521 1862 808 1903 animadversa.

183 1962 286 2003 Nam
324 1966 495 2016 primum
537 1967 696 2018 quidem
726 1978 806 2006 non
835 1966 922 2006 sine
950 1977 1070 2006 causa
1096 1965 1189 2005 fieri
1216 1969 1420 2020 putamus,

76 2018 186 2071 qnod
229 2021 510 2074 Euthydemus
551 2028 594 2063 et
631 2023 935 2075 Dionysodorus
992 2023 1158 2063 Thuriis
1206 2028 1420 2064 narrantur

75 2076 258 2117 Athenas
285 2081 581 2132 commigrasse.
643 2081 877 2120 Cuiusmodi
912 2092 981 2121 res
1021 2081 1055 2119 si
1085 2081 1153 2131 qui
1181 2084 1324 2132 putant
1351 2085 1419 2119 te-

75 2146 189 2173 mere
216 2147 241 2174 a
267 2135 515 2193 philosopho
543 2138 865 2188 commemorari,
891 2149 968 2179 nae
995 2137 1056 2178 illi
1082 2137 1124 2178 in
1152 2149 1297 2191 magno
1325 2137 1421 2190 opi-

167 2357 205 2402 *)
228 2360 271 2392 V·
303 2360 393 2392 Pla‘·
425 2362 552 2400 Cralyl-
586 2372 619 2402 p.
643 2364 720 2396 386.
743 2363 787 2396 D.
811 2361 870 2394 ubi
895 2371 996 2397 nemo
1020 2359 1190 2392 dubitabit
1221 2357 1303 2401 quin
1327 2359 1429 2399 idern

213 2406 451 2446 Euthydemus
485 2408 727 2449 intelligendus
756 2408 822 2452 ait,
860 2410 919 2448 qui
949 2409 988 2440 in
1017 2409 1107 2439 libro
1138 2407 1335 2448 cognomini
1363 2408 1419 2440 lo·

216 2462 324 2491 quens
349 2452 536 2486 inducitur.

146 2518 206 2562 Μ’)
232 2522 305 2551 Hoc
336 2531 438 2559 quum
470 2522 599 2560 passim
622 2533 683 2563 per
706 2525 818 2555 totum
841 2523 965 2555 librum
990 2523 1131 2563 agatur,
1164 2524 1237 2554 tum
1267 2521 1429 2554 maxime

215 2575 259 2597 ex
285 2576 315 2597 c.
340 2570 373 2599 9.
397 2570 432 2598 et
457 2569 512 2599 10.
538 2570 749 2609 perspicuum
777 2573 846 2603 est.

124 2629 202 2675 ⁸⁵⁸)
230 2634 349 2665 {atius
378 2636 480 2667 etiam
512 2637 690 2675 paullatim
721 2647 858 2678 serpere
893 2637 1050 2678 coepisse
1070 2636 1171 2668 istam
1201 2637 1421 2669 eristicorum

217 2680 408 2720 nationem,
428 2692 472 2713 ex
497 2693 538 2713 eo
563 2683 771 2725 intelligitur
798 2683 887 2725 quod
910 2686 1083 2718 Isocrates
1105 2688 1356 2726 saepenumero
1382 2682 1420 2713 in

215 2735 274 2757 eoa
298 2727 425 2760 aeriter
446 2727 634 2761 invehitur.
