1624 2904
306 162 360 203 16
740 140 1162 203 *Disru'rA'rlo

303 287 380 326 que
407 274 644 314 disseramus
673 274 723 312 de
749 274 835 312 aliis
860 274 1088 326 quibusdam
1116 277 1250 332 rebus,
1278 291 1378 329 quae
1406 292 1494 319 cam
1522 281 1608 320 Eu-

301 331 478 382 thydemi
496 335 736 381 argumento
765 332 911 369 habent
939 332 1106 397 aliquam
1135 335 1448 378 coniunctionem
1470 340 1511 374 et
1536 350 1607 376 ne-

302 387 597 425 cessitudinem.
662 387 810 431 Quibus
849 389 1038 437 expositis
1074 389 1107 426 si
1135 389 1241 426 forte
1271 392 1439 429 obscuro
1467 393 1607 430 Plato-

300 443 360 481 nis
399 442 510 493 operi
551 443 637 493 plus
676 443 776 482 lucis
804 443 1026 482 admovisse
1066 444 1307 493 videbimur,
1336 460 1448 497 quam
1478 448 1607 486 adhuc

299 499 348 536 ab
387 500 470 537 eius
505 499 794 537 enarratoribus
825 499 974 537 factum
1005 505 1090 546 est
1130 500 1357 540 habebimus
1387 516 1506 550 sane,
1536 516 1607 542 cur

299 566 443 605 operae
479 560 637 592 nostiae
674 556 843 605 pretium
877 556 1034 607 aliquod
1073 557 1320 595 statuendum
1360 570 1450 597 esse
1480 560 1608 599 minus

299 605 535 651 dubitemus.

408 688 517 726 Iuvat
553 689 672 738 igitur
711 692 804 726 ante
840 689 968 727 omnia
995 690 1128 739 paucis
1159 702 1378 740 exponere
1408 691 1500 740 quid
1529 703 1607 730 no-

298 734 360 782 bi's
396 744 445 782 de
479 745 650 782 universi
697 745 883 793 colloquii
932 758 1081 783 summa
1127 746 1371 784 iudicandum
1413 747 1604 788 videatur.

298 800 430 848 Atque
468 801 602 838 nescio
645 813 760 847 sane
802 813 849 837 an
886 801 984 838 nihil
1018 805 1085 839 aut
1125 807 1236 839 certe
1274 814 1350 840 non
1388 803 1552 841 multum
1580 815 1605 842 a

300 862 395 892 'vero
434 857 661 894 aberremus
699 856 906 894 Platonem
941 855 1208 896 existimantes
1247 857 1392 896 docere
1431 858 1605 897 voluisse

299 912 554 960 spinosam
595 912 735 950 illam
781 915 935 960 atque
981 913 1206 951 rixosum
1243 913 1602 963 sophistarum

298 967 592 1006 disserendi
629 969 906 1015 rationem,
945 981 1087 1017 quam
1129 969 1338 1007 maxime
1367 969 1601 1008 colerent

297 1022 637 1073 Protagorei,
669 1024 876 1061 etiamsi
917 1036 972 1061 se
1014 1022 1352 1063 ambitiosius
1382 1026 1601 1063 virtutis

296 1080 593 1129 magistrum
624 1080 871 1126 iactaret
902 1083 1061 1118 tamen
1090 1080 1213 1118 nihil
1249 1093 1366 1119 esse
1393 1071 1499 1118 nisi
1523 1093 1602 1118 va-

295 1146 400 1172 nam
439 1135 759 1185 argutiarum
802 1136 1012 1173 maxime
1051 1148 1074 1174 e
1109 1137 1475 1174 vocabulorum
1506 1149 1601 1174 am-

294 1190 556 1240 biguitate
585 1191 851 1229 ductarum
881 1192 1235 1241 captati-icem,
1265 1192 1486 1240 ideoque
1515 1192 1600 1229 So-

294 1247 528 1284 craticae
564 1246 866 1296 disputandi
895 1247 1292 1295 consuetudini,
1331 1248 1481 1285 unice
1510 1247 1602 1285 illi

295 1301 354 1339 ad
390 1306 601 1353 rectam⁸
627 1303 921 1351 sapientiae
962 1307 1012 1340 et
1048 1304 1265 1341 virtutis
1305 1303 1601 1341 institutio-

287 1370 403 1398 nem
442 1363 792 1407 comparatae,
829 1358 985 1407 plane
1024 1359 1359 1405 contrariam
1408 1358 1601 1396 nihilo-

295 1414 449 1451 minus
479 1418 644 1451 autem
675 1427 773 1451 eam
804 1415 859 1451 ab
888 1413 1179 1452 hominibus
1218 1414 1601 1464 philosophiam

295 1469 485 1507 leviter
523 1470 859 1519 gustantibus
890 1471 1300 1517 nominatimque
1335 1482 1357 1506 a
1395 1469 1602 1508 fastuo-

297 1525 370 1564 sis
417 1525 705 1562 forensium
757 1525 1044 1563 orationum
1100 1525 1452 1574 scriptoribus
1511 1537 1601 1576 pro

295 1593 416 1618 vera
453 1591 790 1630 germanaque
826 1580 1169 1631 philosophia
1210 1581 1414 1627 haberi,
1448 1584 1601 1631 atque

294 1637 367 1675 ita
412 1636 678 1683 accidere,
725 1639 776 1673 ut
822 1648 962 1685 quum
1010 1638 1258 1675 universa
1304 1637 1600 1685 sapientiae

280 1692 579 1744 &disciplina
614 1697 711 1730 tum
755 1690 1026 1731 Socratica
1072 1692 1362 1730 disserendi
1411 1692 1600 1730 docen-

296 1749 451 1798 dique
486 1749 624 1787 ratio
663 1748 923 1786 immerito
956 1748 1004 1787 in
1047 1747 1289 1787 invidiam
1336 1748 1600 1786 multorum

295 1808 343 1842 et
371 1807 682 1845 contemtum
712 1803 1019 1853 adducatur,
1060 1806 1274 1854 ipseque
1303 1805 1372 1841 vir
1400 1805 1600 1854 sapien-

293 1861 528 1899 tissimus
574 1860 624 1899 in
677 1871 915 1901 vanorum
972 1861 1333 1916 sophistarum
1388 1872 1600 1898 numero

293 1915 559 1958 habeatur.

402 2006 541 2054 Itaque
575 2004 740 2055 primum
780 2003 936 2053 quidem
972 2003 1176 2042 Platonem
1220 2017 1426 2044 censemus
1462 2004 1601 2053 utiqne

296 2062 375 2100 hoc
414 2073 505 2098 esse
534 2065 738 2106 secutum,
769 2059 871 2109 qnod
901 2072 1014 2098 nemo
1045 2065 1109 2101 est
1137 2061 1227 2108 quin
1255 2061 1318 2098 vel
1346 2059 1601 2098 mediocriter

293 2121 471 2160 attentus
499 2116 618 2154 facile
647 2117 946 2163 animadvertat,
985 2121 1028 2154 ut
1057 2116 1256 2156 Socratica
1286 2115 1504 2154 disserendi
1532 2128 1601 2153 ra-

293 2174 350 2211 tio
388 2164 509 2217 {eluti
545 2172 666 2222 signis
695 2173 775 2209 suis
806 2173 852 2211 ab
880 2172 982 2209 inani
1009 2172 1075 2210 illa
1104 2177 1222 2220 atque
1251 2172 1500 2211 fraudulenta
1528 2183 1601 2208 so-

294 2229 511 2280 phistarum
553 2235 638 2269 arte
674 2228 984 2277 dignosceretur.
1053 2228 1164 2276 Quod
1195 2227 1389 2277 quomodo
1419 2227 1601 2276 philoso-

294 2285 396 2336 phus
436 2285 602 2322 efficere
631 2280 847 2331 studuerit,
878 2287 1017 2334 postea
1044 2284 1278 2328 videbimus,
1311 2285 1374 2321 ubi
1404 2283 1451 2321 ad
1481 2295 1597 2333 argu-

294 2341 419 2380 menti
455 2340 739 2378 enarrationem
780 2340 856 2378 erit
894 2344 1136 2389 perventum.
1196 2340 1291 2377 Cum
1321 2339 1436 2377 huius
1466 2343 1599 2385 autem

274 2397 355 2440 ‘rei
382 2397 617 2437 tractatione
644 2397 865 2438 arctissime
894 2397 1140 2435 coniunctum
1164 2398 1232 2432 est
1259 2395 1373 2442 illud,
1412 2393 1515 2449 quod
1544 2395 1600 2434 ita

293 2453 408 2496 simul
435 2453 552 2496 etiam
580 2452 702 2504 ipsius
733 2451 908 2490 SocratIS
937 2452 1103 2502 dignitas
1141 2455 1258 2500 atque
1295 2452 1418 2491 virtus
1446 2451 1493 2488 ab
1525 2455 1599 2487 eo·-

292 2522 378 2548 rum
408 2509 608 2547 calumniis
643 2507 872 2554 vindicatur,
900 2509 965 2555 qui
993 2509 1115 2546 virum
1143 2507 1502 2548 innocentissnmnn
1532 2510 1598 2544 te-

295 2566 464 2604 merario
503 2564 646 2603 iudicio
685 2568 872 2601 ventosae
900 2564 959 2602 illi
987 2564 1251 2613 sophistarum
1280 2564 1425 2603 nationi
1454 2574 1598 2603 accen-

295 2622 478 2664 suissent.
542 2621 737 2670 Quorsum
774 2619 947 2670 pertinet
982 2620 1094 2658 locus
1122 2619 1186 2658 vel
1212 2621 1376 2660 maxime
1405 2630 1601 2660 memora-s

296 2677 388 2721 bilis
414 2690 450 2728 p.
488 2677 581 2715 394.
617 2676 664 2714 Ε.
691 2687 775 2726 sqq.
805 2688 921 2725 quem
949 2676 1131 2715 miramur
1169 2687 1263 2714 sane
1290 2677 1338 2715 ab
1364 2674 1598 2724 interpreti-
