1624 2904
264 132 355 197 nn
386 151 822 197 aururnnmo
871 149 1220 194 PLATONIS.
1361 151 1417 195 ω

67 269 371 309 vanissimorum
401 268 676 320 sophistarum
694 278 863 306 numero
891 262 1071 305 habitum
1103 265 1245 307 fuisse.
1306 268 1418 323 Quo-

29 331 31 363 }
67 328 175 366 circa
212 325 544 365 verisimillimum
587 330 776 377 putamus
817 319 1027 363 Platonem
1066 324 1106 362 in
1154 324 1416 377 Euthydemo

29 379 31 381 ¹
64 384 104 424 id
147 396 240 422 esse
278 389 520 435 sequutum,
558 388 603 421 ut
638 393 762 434 prmo
795 381 966 420 istorum
1006 380 1211 421 hominum
1242 384 1418 424 omnium

26 477 29 484 ,
64 441 213 480 iudicio
244 446 502 487 occurreret,
533 444 578 479 et
606 444 794 491 quantum
823 439 929 478 ratio
959 437 1186 478 disserendi
1208 439 1418 481 Socratica

26 530 28 556 ἐ
64 510 88 537 a
127 498 195 537 vili
232 499 311 538 ista
349 502 393 538 et
426 497 532 546 inani
571 497 736 538 eristica
772 496 969 546 distaret,
1014 496 1251 549 planissime
1291 510 1418 551 expo-

26 562 27 571 *
62 559 196 598 neret.

179 665 332 708 Verum
373 666 442 706 hic
482 670 630 719 sponte
669 664 850 707 nascitur
880 667 1064 719 quaestio
1094 678 1288 720 perquam
1319 677 1416 720 gra-

23 719 25 734 ¹
65 726 125 766 vis
155 730 276 778 atque
305 724 499 764 difficilis.
556 723 739 763 Dubitari
771 727 874 764 enim
895 726 1014 773 iicet,
1044 738 1117 764 cur
1146 725 1416 777 philosophus

22 829 23 834 ¹
65 784 176 824 solos
205 778 520 838 λογογρεὲᾳους
547 783 834 829 nominaverit,
865 782 1049 831 aliorum,
1079 783 1247 822 maxime
1276 787 1417 834 poeta-

22 835 23 850 ³
64 854 152 881 rum
192 841 463 888 comicorum,
500 839 540 878 in
576 839 706 891 iisque
739 840 1051 891 Aristophanis,
1088 840 1238 879 nullam
1266 839 1419 880 fecerit

19 914 21 916 ·
64 898 334 944 mentionem,
379 909 498 947 quum
538 900 671 935 tamen
712 897 756 935 hi
792 898 918 936 virum
959 898 1299 949 sapientissimum
1337 910 1417 938 nou

64 956 208 995 meiius
238 954 487 993 habuissent.
544 953 605 992 De
635 967 711 1005 qua
738 967 785 992 re
815 955 1009 1006 cogitanti
1043 955 1143 994 mihi
1171 960 1296 1006 atque
1325 967 1417 994 me-

66 1013 210 1051 ditanti
249 1011 342 1062 quid
378 1012 415 1049 in
457 1016 634 1050 mentem
670 1012 850 1059 venerit,
887 1013 1026 1063 paucis
1056 1025 1261 1064 exponere
1293 1013 1415 1052 iuvat.

63 1068 120 1109 Et
163 1069 340 1108 comicos
379 1069 539 1119 quidem
580 1068 685 1120 quod
723 1081 801 1108 uon
830 1070 1091 1122 memoravit,
1129 1070 1229 1108 licet
1251 1069 1416 1109 Aristo-

65 1127 210 1182 phanis
250 1125 427 1165 sabulum
463 1129 585 1176 atque
632 1125 813 1165 Gonnum
852 1127 1060 1178 Amipsiae
1108 1130 1219 1166 tecte
1262 1127 1416 1179 signifi-

65 1197 183 1223 casse
211 1183 415 1231 videatur,
444 1182 484 1222 id
515 1196 610 1222 sane
640 1184 782 1222 mirum
813 1188 900 1231 est,
931 1197 1051 1236 quum
1081 1196 1221 1224 eorum
1251 1185 1417 1223 crimina

67 1242 207 1281 eadem
257 1253 405 1292 ομῑει,
460 1253 536 1292 qua
577 1240 788 1279 rhetorum
827 1241 1020 1290 istorum,
1071 1252 1253 1294 magnam
1301 1247 1417 1280 certe

65 1304 223 1352 partem
254 1298 430 1336 diluerit.
488 1298 687 1347 Quocirca
707 1302 840 1336 certas
872 1299 1060 1350 quasdam
1081 1300 1167 1338 eius
1191 1300 1253 1338 rei
1275 1311 1416 1338 causas

66 1356 199 1396 fuisse
234 1357 506 1406 suspicamur,
546 1367 647 1405 quae
693 1367 715 1393 e
755 1355 982 1394 litterarum
1013 1357 1280 1395 monumentis
1323 1369 1416 1395 eru-

69 1413 197 1452 endae
225 1417 326 1451 sunt.
395 1411 452 1450 Et
491 1424 564 1450 nos
604 1412 763 1464 quidem
803 1413 843 1451 in
874 1426 962 1452 eam
992 1413 1221 1452 devenimus
1252 1418 1417 1453 senten-

68 1472 186 1518 tiam,
223 1475 268 1508 ut
307 1480 356 1507 eo
386 1473 600 1519 tempore,
641 1469 871 1520 quosPiato
902 1482 1028 1522 opera
1058 1483 1128 1508 sua
1158 1471 1288 1510 literis
1319 1484 1416 1510 con-

71 1528 229 1579 signare
268 1526 428 1577 coepit,
468 1539 490 1563 a
530 1527 664 1577 poetis
702 1526 782 1565 iilis
820 1528 1134 1578 nominatimque
1174 1528 1222 1566 ab
1252 1528 1416 1567 Aristo-

69 1585 201 1637 phane
230 1585 356 1635 magis
387 1583 594 1634 magisque
624 1583 874 1622 intellectum
905 1597 997 1623 esse
1029 1585 1274 1633 credamns‚'
1298 1598 1416 1637 quam

68 1643 204 1694 iniquo
248 1646 290 1679 et
331 1640 480 1678 iniusto
509 1641 655 1679 iudicio
685 1641 812 1679 virum
844 1643 1039 1693 optimum
1070 1648 1191 1693 atque
1219 1643 1417 1694 reipubli-

69 1713 142 1739 cae
178 1698 489 1737 amantissimum
529 1698 713 1750 improbo
753 1699 1027 1748 sophistarum
1065 1701 1181 1751 gregi
1212 1700 1417 1739 adiunxis-

70 1761 174 1795 sent.
243 1755 360 1805 Quod
399 1756 576 1806 primus,
624 1757 701 1794 nisi
752 1757 892 1805 failor,
941 1757 1069 1795 sensit
1109 1757 1284 1797 Groen
1324 1770 1418 1797 van

69 1813 391 1854 Prinsterer
427 1811 756 1865 Prosopograph.
797 1812 900 1852 Plat.
946 1827 986 1865 p.
1033 1814 1154 1862 177„
1202 1816 1268 1853 ubi
1314 1815 1418 1854 haec

70 1871 255 1922 scripsit:
292 1869 431 1919 „Sed
471 1870 579 1908 sive
618 1870 716 1908 hoc
761 1871 874 1922 quis
911 1877 1065 1922 putet
1107 1869 1338 1925 (Socratem
1377 1874 1418 1911 in

70 1929 276 1968 iuventute
306 1929 353 1965 ab
391 1927 646 1978 opinionibus
682 1928 956 1979 sophistarum
997 1941 1074 1967 non
1115 1931 1232 1968 nimis
1269 1930 1418 1968 abitur*

71 1982 249 2038 ruisse),
295 1985 409 2024 sive
447 1984 888 2036 Aristophanem,
936 1987 1118 2038 qualis
1161 1986 1417 2025 Socrates

73 2048 244 2090 esset,
274 2054 444 2093 parum
475 2043 729 2091 novisse,
759 2048 907 2082 certe
935 2054 1034 2082 non
1066 2040 1182 2082 odio
1221 2043 1419 2092 habuit,

71 2112 245 2139 verum
276 2099 455 2151 potius
487 2099 700 2149 dilexit,
733 2101 938 2152 opinor,
967 2100 1244 2149 Socratem,
1275 2106 1418 2152 post—

74 2169 248 2209 quam,
286 2156 373 2208 qui
411 2169 678 2207 germanus
721 2158 776 2196 ab
813 2158 932 2208 ipso
984 2157 1223 2209 sophista
1261 2158 1420 2197 indu-

74 2219 188 2254 ctus
239 2218 408 2261 esset,
456 2212 587 2252 hunc
644 2215 1010 2266 sophistarum
1069 2217 1421 2268 cognovisset

77 2272 461 2323 exagitatorem
492 2271 816 2311 acerrimum.
877 2271 1016 2311 Sensit
1047 2274 1167 2311 etiam
1201 2273 1421 2311 Brandi-

78 2329 188 2367 sius
229 2332 272 2366 et
311 2335 440 2379 nup‘er
480 2326 786 2367 Fritschins
835 2330 1095 2380 Quaestionu.
1134 2330 1422 2382 Aristophann.

78 2384 129 2427 Τ.
169 2385 198 2427 1.
238 2398 278 2436 p.
322 2384 404 2423 1⁰8
446 2397 532 2435 sqq.
600 2384 660 2423 De
699 2387 975 2438 Aristophane
1013 2392 1059 2426 ut
1097 2388 1151 2426 ita
1184 2394 1422 2434 statuamus,

77 2442 192 2494 plura
213 2446 306 2481 sunt
327 2455 428 2493 quae
446 2443 708 2481 vehementer
738 2444 941 2482 suadeant.
1000 2444 1099 2483 Nam
1134 2444 1303 2496 primum
1336 2446 1423 2496 qui-

79 2499 170 2538 dem
199 2500 370 2538 animum
401 2499 575 2538 advertit
604 2499 724 2547 illud,
757 2501 863 2550 quod
894 2505 1015 2552 poeta
1046 2507 1141 2552 post
1170 2503 1309 2542 Nubes
1340 2503 1424 2554 pri-

79 2568 163 2595 mas
203 2557 361 2608 Olymp.
404 2556 471 2595 89.
512 2557 551 2595 1.
593 2568 624 2596 s.
666 2570 697 2594 a⁴
738 2558 835 2600 423.
876 2563 970 2597 ante
998 2559 1094 2598 Chr.
1122 2572 1158 2599 n.
1188 2561 1230 2598 in
1262 2572 1425 2598 scenam

77 2613 337 2666 introductas>
361 2614 400 2652 in
436 2614 544 2652 nulla
582 2614 657 2651 alia
687 2613 822 2653 falmia
860 2616 900 2654 id
942 2615 994 2654 de
1022 2615 1216 2656 industria
1248 2618 1350 2668 egit.
1382 2619 1428 2654 ut

79 2668 287 2710 Socratem
328 2671 512 2710 acerbius
551 2671 783 2710 traduceret
810 2678 881 2712 aut
908 2677 1099 2724 carperet
1127 2674 1421 2712 vehementius.

78 2727 195 2779 Quod
235 2728 307 2769 isse
348 2732 463 2768 certe
512 2728 695 2768 studiose
739 2741 863 2783 agere
910 2730 1102 2770 debuisse
1150 2732 1341 2779 videtur,
1381 2731 1428 2768 ut

1018 2798 1098 2837 4*
