1624 2904
265 169 324 211 σο
437 161 439 163 ’
696 144 1127 211 ὐιεΡυΤΑΤιο

263 281 485 329 videbitur,
531 279 636 330 quod
677 279 864 320 Socrates
901 282 985 320 eius
1016 283 1339 324 consuetudinem
1377 288 1576 337 appetiit?

262 337 455 377 Nimirum
487 337 530 382 „is
569 348 640 388 pro
666 338 887 375 urbanitate
915 351 984 377 sua
1012 352 1056 377 se
1085 340 1280 382 simulavit
1309 343 1496 382 musicam
1524 343 1574 382 ab
1618 364 1624 369 1

263 405 313 432 eo
351 392 580 443 perdiscere
616 392 742 440 velle,
782 406 882 443 quae
920 398 1007 432 erat
1047 395 1119 433 viri
1158 396 1379 446 professio,
1418 399 1575 448 siquid

260 449 401 496 video,
435 449 628 488 irrisionis
666 449 904 499 plenissima.
961 451 1092 499 Atque
1126 451 1227 490 haec
1257 453 1290 489 si
1319 454 1576 502 probabiliter

261 517 285 544 a
312 505 426 544 nobis
454 509 546 544 sunt
575 505 793 555 disputata,
822 518 892 542 cur
918 506 1113 556 Amipsias
1152 512 1280 545 totam.
1306 509 1572 558 sophistarum

260 560 480 608 cohortem,
511 573 588 599 uno
609 561 826 611 Protagora
842 566 1022 611 excepto,
1052 564 1216 611 quitum
1236 565 1371 601 aberat
1390 565 1572 614 Athenis,

259 629 348 656 cum
387 616 524 656 couno
562 619 772 655 convenire
809 618 992 665 iusserit,
1033 620 1177 656 nemini
1225 621 1303 657 erit
1348 621 1572 660 obscurum.

258 671 370 711 Inter
409 684 479 711 eos
518 677 649 711 autem
687 674 722 710 si
758 685 835 710 nou
873 674 1103 723 primarias,
1151 680 1192 712 at
1230 681 1341 713 certe
1379 677 1567 726 insignes,

258 733 396 779 partes
457 729 541 779 egit
589 728 798 775 Socrates3
853 741 1038 778 quorsum
1086 735 1269 780 spectant
1316 733 1499 770 versiculi
1547 746 1570 771 a
1620 766 1624 770 .

256 782 488 835 Diogene
516 784 729 829 Laertio
760 783 808 822 11.
839 784 905 822 28.
938 786 1096 834 servati
1121 787 1260 836 quibus
1289 787 1441 837 reliqua
1469 789 1570 826 mul-

257 840 387 878 titudo
426 853 515 879 enm
555 840 703 878 detrito
743 840 862 890 pallio
903 841 1078 879 indutum
1108 842 1379 881 aduenientem
1411 844 1569 883 salutat.

255 893 508 947 Diogenis
545 897 664 934 veiba
702 895 802 935 haec
839 901 952 935 sunt.
986 893 1214 961 Ἀμειψίας
1242 895 1283 937 (Υ
1315 900 1359 938 ὲν
1389 898 1569 964 τριβωνι

253 950 463 1018 παράγων
510 948 646 991 αὐτὸν
692 951 837 1014 φησιν
881 948 1041 999 οὕτως
1087 948 1348 1006 Σωκοιιτες,
1395 952 1567 1023 ἀνδρῶν

253 1005 442 1073 βέλτιστ’
476 1004 655 1061 ὀὶιγων,
692 1007 862 1048 πολλῶν
889 1006 935 1048 δὲ
961 1004 1236 1075 ματαιόταθ’
1267 1006 1383 1059 ήκεις
1411 1010 1485 1051 καὶ
1513 1006 1565 1052 σύ

251 1061 364 1116 πρὸς
397 1059 535 1116 ημᾶς,
572 1058 835 1128 καρτερικός
858 1060 899 1103 τ’
941 1078 990 1103 ει
1046 1060 1192 1104 πόθεν
1231 1060 1285 1104 ἀν
1314 1078 1385 1105 σοι
1408 1066 1566 1132 χλαῖνα

197 1157 199 1159 ,
252 1121 453 1172 γένοιτος
489 1119 623 1159 Ἰουτὶ
650 1134 700 1160 το
732 1115 866 1159 κακὸν
905 1119 945 1158 7
943 1131 1002 1158 ων
1030 1116 1311 1172 σκυτοτόμων
1340 1135 1420 1161 κατ
1469 1118 1564 1172 ἐπή-

252 1189 375 1227 ρειαν
407 1177 643 1227 γεγένηται.
701 1174 806 1213 Satis
842 1175 1017 1226 lepidum
1056 1179 1098 1213 et
1130 1176 1334 1222 ridiculum
1363 1177 1468 1215 hunc
1497 1190 1563 1216 so-

250 1231 474 1281 phistarum
507 1243 763 1281 congressum
792 1231 920 1269 fuisse
949 1235 1131 1281 oportet,
1160 1237 1204 1270 ut
1232 1245 1308 1270 non
1338 1234 1390 1271 sit
1420 1235 1563 1273 miran-

250 1287 367 1336 dum,
407 1286 510 1338 quod
549 1286 647 1325 haec
677 1287 878 1337 Amipsiae
907 1286 1052 1327 {sabula
1081 1289 1371 1337 spectatoribus
1402 1295 1562 1339 praeter

250 1347 409 1383 ceteras
448 1343 608 1394 placuit.
675 1343 900 1393 Quanquam
942 1342 993 1381 de
1027 1343 1102 1381 hac
1139 1356 1185 1381 re
1223 1356 1299 1382 non
1335 1344 1431 1396 licet
1460 1346 1562 1384 certi

250 1399 343 1450 qnid
383 1399 662 1450 pronuntiare,
707 1400 795 1449 quia
837 1398 952 1450 quale
993 1399 1077 1436 eius
1115 1399 1239 1437 suerit
1275 1406 1560 1450 argumentum,

247 1455 456 1493 admodum
487 1456 698 1493 obscurum
727 1460 791 1492 est
808 1453 864 1508 *).
920 1454 1113 1495 Videmur
1141 1459 1272 1493 tamen
1300 1468 1376 1493 non
1406 1462 1559 1496 temere
1582 1460 1586 1463 ’

245 1510 457 1558 hariolari,
489 1511 760 1549 existimantes
791 1510 967 1548 Gonnum
1010 1523 1098 1548 cum
1129 1511 1294 1548 Socrate
1332 1513 1559 1564 ceterisque

247 1567 439 1618 sophistis
458 1567 512 1605 ita
531 1579 553 1604 a
570 1571 688 1615 poeta
704 1567 742 1604 in
762 1578 919 1604 scenam
942 1578 1033 1604 esse
1047 1566 1259 1613 inductum,
1279 1570 1322 1604 ut
1341 1567 1428 1618 ipse
1443 1575 1556 1606 vetu-

245 1623 309 1662 lus
328 1622 504 1670 vetulos,
535 1623 779 1672 maximeque
799 1622 1020 1669 Socratem,
1041 1628 1126 1659 arte
1143 1624 1289 1660 musica
1308 1623 1466 1662 erudire
1487 1636 1556 1662 co-

243 1683 428 1719 naretur:
464 1678 568 1717 unde
597 1680 774 1716 omnibus
798 1684 887 1716 nata
917 1682 980 1716 est
1007 1678 1128 1723 multa
1155 1678 1360 1729 argutandi
1387 1680 1556 1719 rixandi-

245 1748 324 1786 que
352 1736 522 1776 occasio,
579 1734 623 1773 In
660 1734 775 1772 aliam
810 1739 943 1772 tamen
985 1735 1219 1772 sententiam
1250 1733 1552 1776 Fritschius

243 1791 459 1843 disputavit
487 1791 515 1832 1.
544 1803 566 1829 c
608 1802 647 1840 p.
677 1791 761 1829 243
790 1803 875 1840 sqq.
917 1790 983 1840 qui
1021 1790 1197 1828 Gonnum
1227 1790 1430 1840 Aniipsiae
1458 1804 1551 1830 cen-

244 1851 312 1886 set
350 1851 551 1886 versatum
588 1858 678 1884 esse
712 1847 753 1884 in
791 1846 1011 1897 doctiorum
1047 1846 1267 1893 hominum,
1288 1850 1344 1892 ,ut
1373 1847 1552 1896 philoso-

241 1903 436 1955 phorum,
476 1901 748 1950 sacerdotum,
781 1905 936 1949 vatum,
973 1903 1182 1948 artificum,
1222 1901 1419 1940 illudenda
1454 1916 1550 1953 pau-

240 1964 412 2011 pertate.
472 1959 593 1998 cuius
622 1959 816 2009 opinionis
845 1971 986 1996 vereor
1013 1962 1058 1995 ut
1087 1959 1182 1995 satis
1202 1957 1367 1996 idoneae
1386 1960 1464 1997 sint
1482 1973 1550 1997 ra-

239 2017 382 2054 tiones.
439 2014 555 2064 Quod
582 2026 654 2052 nos
685 2015 917 2062 statuimus
953 2014 994 2052 id
1022 2027 1114 2051 ωτι
1118 2027 1154 2051 m
1188 2027 1277 2051 esse
1307 2016 1550 2065 suspicamur

236 2073 386 2123 partim
413 2083 462 2109 ex
490 2083 553 2119 eo,
564 2070 688 2136 quod
717 2070 901 2108 Socrates
921 2070 1022 2121 apud
1052 2069 1253 2108 Platonem
1284 2076 1414 2111 narrat
1443 2071 1549 2110 Con-

237 2139 330 2166 num
366 2127 484 2178 vulgo
524 2121 603 2166 τὸν
640 2122 1082 2178 γεοοντοὸιὸάσκαλαν
1122 2127 1277 2171 vocari,
1325 2127 1414 2176 quia
1459 2128 1548 2177 ipse

239 2184 326 2222 eius
366 2182 573 2233 disciplina
610 2185 767 2227 utatur,
808 2183 951 2233 partim
988 2194 1035 2219 ex
1072 2182 1237 2220 Nonio
1267 2181 1545 2231 Marcello,

239 2240 308 2289 qui
347 2238 502 2277 Senis
541 2238 806 2275 doctorem
846 2251 922 2278 non
959 2250 1035 2278 uno
1065 2239 1154 2275 loco
1183 2239 1285 2275 inter
1314 2238 1450 2276 titulos
1479 2239 1545 2277 sa-

174 2281 178 2290 ’
237 2295 415 2334 bularum
453 2294 643 2334 Varronis
680 2298 893 2332 memorat:
937 2294 1039 2344 quod
1070 2299 1180 2331 certe
1208 2297 1437 2342 argumento
1467 2300 1544 2343 est,

233 2350 337 2390 hauc
374 2350 808 2398 materianrveteribus
835 2351 996 2389 comicis
1032 2362 1109 2387 uon
1139 2349 1265 2386 fuisse
1294 2349 1542 2399 incognitam.

235 2407 369 2462 Atque
395 2406 496 2448 haec
534 2405 570 2446 si
595 2417 689 2446 vera
717 2403 832 2458 suut,
872 2419 943 2448 cur
976 2407 1015 2448 iu
1042 2410 1217 2462 extrema
1245 2404 1389 2457 dialogi
1416 2407 1543 2455 nostri

299 2647 339 2694 ⁴)
369 2649 422 2679 Cf.
453 2648 659 2680 Meineke
689 2649 827 2684 Quaem.
860 2649 993 2681 Scenic.
1017 2658 1106 2688 spec.
1131 2649 1174 2678 n.
1198 2658 1232 2686 p.
1252 2651 1308 2683 43.
1331 2625 1478 2682 Ranke
1500 2649 1539 2681 iu

366 2693 508 2729 Secund.
531 2695 616 2726 Bibl.
643 2695 725 2727 crit.
750 2704 779 2725 a.
805 2696 901 2726 1828.
930 2705 965 2727 u.
990 2696 1047 2728 31.
1069 2703 1102 2735 p.
1127 2695 1204 2728 247.
