1624 2904
270 177 354 221 DE
392 170 815 217 EUTHYDEMO
851 170 1199 219 PLATole.
1342 171 1401 218 59

57 307 102 338 σε
141 287 270 340 λιειὸς
304 288 544 345 Ἑγθαίρη,
582 285 763 336 Κοννᾶς
800 285 847 328 δὲ
887 282 1222 344 φιλοστέφανός
1251 301 1298 330 σε
1329 303 1400 347 φι-

30 367 33 369 *
58 334 190 403 λήση.Δ
227 360 329 402 quae
358 335 602 388 'adumbrata
646 350 740 384 suut
766 344 814 383 ad
840 343 939 383 illud
969 343 1189 384 Hesiodi
1218 345 1324 399 Opp.
1355 349 1401 386 et

58 396 170 450 Dier.
198 420 233 449 v.
270 407 366 444 2⁴:32).
411 419 443 445 s.
473 403 566 443 277.
597 402 660 444 ed.
690 401 863 443 Brunck.
893 397 1061 454 ἐργάζει
1088 401 1266 456 Halym),
1295 398 1402 451 Διὸς

58 468 209 521 γένος,
240 459 362 519 ὅφοα
394 475 438 501 σε
468 455 596 512 λιμὸς
621 457 854 516 Ἰὴζῦαίρῃ,
892 458 1020 515 φιλέῃ
1053 456 1100 499 δὲ
1129 462 1403 516 ἐϋστέφανος

59 518 281 577 Δημήτηρ.
308 507 320 517 “
340 519 463 560 Vides
492 517 688 556 artificem
717 521 903 568 tanquam
933 528 1070 554 senem
1098 518 1403 568 pauperculum,

57 568 237 621 bibulum
277 581 321 616 et
357 587 541 614 voracem
581 574 802 626 perstringi
812 586 824 619 3
866 572 917 611 de
945 573 1160 613 virtutibus
1187 575 1274 614 eius
1303 574 1406 614 nihil

60 635 306 690 praedicari,
342 637 625 684 praeterquam
665 631 772 683 quod
810 630 1043 682 superiores
1083 631 1169 670 eius
1210 632 1405 671 victoriae

61 707 152 734 eum
190 691 375 731 irrisione
423 692 799 729 commemorantur.
872 688 1006 738 Quare
1050 686 1142 726 loco
1186 687 1406 729 Menexeni

61 753 294 791 commotus·
314 748 432 786 aliter
460 751 583 798 atque
608 746 728 798 vulgo
758 745 810 783 de
840 756 890 783 eo
919 744 1170 786 iudicandum
1206 746 1407 789 existimo.

62 809 154 859 Ego
188 806 293 844 enim
332 806 367 843 si
405 804 499 856 quid
543 802 683 851 video,
734 814 802 841 res
842 802 898 840 ita
946 803 1084 854 potius
1131 815 1223 842 sese
1268 803 1406 842 habet.

62 864 160 905 Fuit
186 863 258 902 ille
286 862 461 901 musicus
494 860 704 899 admodum
724 858 952 900 mediocris.
1009 859 1279 900 Nihilominus
1298 861 1410 900 acci-

64 922 180 960 derat
212 919 435 970 aliqnando,
465 922 510 956 nt
538 919 579 957 in
609 917 892 956 certaminibus
922 921 1156 968 reportaret
1184 919 1406 957 victoriam.

66 979 189 1018 Cuius
227 977 392 1016 honoris
427 975 499 1014 ille
537 988 613 1027 per
651 979 778 1013 totam
817 975 938 1012 vitam
979 973 1082 1012 adeo
1113 973 1192 1014 fuit
1239 987 1411 1024 memor,

65 1040 112 1075 ut
160 1046 347 1074 coronam
397 1032 519 1084 capiti
560 1032 789 1084 impositam
837 1034 1020 1082 gestaret
1069 1043 1197 1083 eaque
1244 1037 1411 1072 ornatus

67 1103 207 1144 magno
247 1104 335 1129 cnm
373 1090 482 1128 fastu
523 1102 598 1142 per
642 1089 797 1140 plateas
848 1087 1083 1136 incederet,
1131 1090 1210 1128 etsi
1258 1102 1413 1129 summa

28 1148 30 1150 “
66 1152 308 1202 paupertate
345 1148 423 1186 iam
465 1159 514 1184 eo
541 1146 743 1185 ‘redactus
774 1150 885 1194 erat,
921 1149 967 1183 ut
995 1146 1240 1186 instituenda
1270 1148 1414 1186 iuven-

68 1212 156 1246 tute
193 1207 339 1244 victum
379 1204 638 1254 quaeritaret.
706 1205 841 1254 Atque
879 1202 983 1241 haec
1018 1203 1107 1253 ipsa
1144 1205 1412 1256 zpotissimum

69 1264 149 1303 fuit
177 1275 320 1308 causo,
350 1262 427 1300 nisi
455 1261 598 1309 fallor,
635 1274 707 1300 eur
735 1260 926 1298 Socrates
957 1272 1047 1297 eum
1079 1260 1322 1313 frequenter
1349 1262 1415 1300 vi-

71 1321 238 1366 sitaret,
269 1318 459 1357 videlicet
497 1329 772 1370 quamcunque
811 1317 1157 1369 opportunitatem
1197 1331 1288 1358 cum
1318 1318 1416 1358 ado-

71 1377 320 1422 lesceutibus
369 1375 593 1414 disserendi
653 1374 835 1414 studiose
881 1374 1123 1426 investigare
1177 1376 1325 1415 solitus
1373 1379 1417 1416 et

75 1434 254 1474 fortasse
283 1433 374 1483 ipso
403 1432 577 1471 hominis
606 1433 766 1484 ingenio
795 1431 965 1470 allectus
998 1437 1040 1470 et
1067 1432 1268 1475 invitatus.
1311 1433 1414 1472 Nam

76 1490 237 1530 videtur
275 1490 436 1528 Connus
474 1502 570 1528 sane
605 1489 764 1527 Socrati
801 1488 933 1527 simile
969 1488 1161 1528 habuisse
1211 1491 1417 1542 ingenium

78 1548 329 1597 similemque
359 1545 578 1588 fortunam.
635 1546 814 1585 Primum
843 1546 948 1584 enim
966 1545 1045 1583 fuit
1063 1559 1218 1598 pauper
1246 1554 1290 1587 et
1322 1560 1420 1599 ege-

76 1618 172 1653 nus,
201 1616 301 1655 quae
332 1607 546 1654 paupertas
579 1615 628 1641 eo
658 1603 783 1654 magis
813 1601 952 1640 debuit
981 1614 1075 1641 esse
1113 1604 1303 1653 ridicula,
1341 1617 1422 1656 quo

77 1663 204 1713 magis
234 1661 410 1698 victoriis
441 1661 522 1699 suis
554 1661 648 1699 olim
677 1660 900 1712 reportatis
940 1661 1184 1710 superbiret.
1240 1662 1422 1701 Eandem

79 1719 279 1758 fortunam
318 1717 508 1756 Socrates
547 1731 706 1769 quoque
745 1721 936 1768 expertus
975 1721 1061 1766 est,
1102 1732 1220 1770 quem
1260 1723 1424 1759 conetat

80 1776 252 1816 Athenis
290 1774 408 1826 vulgo
446 1770 526 1814 τὸν
566 1777 730 1825 πένητα
771 1787 865 1814 esse
895 1774 1155 1826 appellatum.
1183 1788 1221 1816 v,
1251 1777 1423 1816 Xeno-

81 1833 255 1885 phont.
293 1831 442 1871 Oecon.
484 1831 530 1873 ll.
565 1833 607 1874 3.
648 1833 739 1871 coll.
781 1831 906 1873 Plat.
953 1832 1127 1884 Apolog.
1180 1847 1220 1884 p.
1266 1835 1335 1875 23.
1377 1834 1424 1872 Β.

84 1889 238 1929 Deinde
275 1889 343 1926 ille
383 1889 539 1927 videtur
579 1890 618 1929 in
650 1891 772 1928 rebus
804 1889 852 1928 ad
885 1887 1183 1940 philosophiam
1216 1892 1427 1942 pertinen-

85 1947 192 1986 tibus
222 1946 407 1983 lubenter
438 1958 530 1984 esse
557 1954 739 1986 versatus
771 1952 812 1985 et
841 1959 930 1984 cnm
962 1947 1159 1998 sophistis
1189 1948 1357 1999 aliisque
1386 1947 1427 1986 id

86 2016 212 2056 genus
253 2002 475 2040 hominibus
517 2004 764 2042 confabulari
806 2003 978 2050 solitus:
1018 2018 1106 2044 nam
1152 2006 1221 2044 isti
1268 2017 1428 2056 qnoque

90 2073 208 2112 quium
239 2059 550 2098 adolescentium
582 2062 832 2100 visendorum
862 2062 991 2112 gratia
1020 2067 1104 2101 tum
1142 2063 1315 2101 hominis
1347 2063 1430 2102 sin⁹

91 2117 217 2169 gulari
254 2116 412 2166 ingenio
451 2118 620 2168 praediti
652 2131 769 2157 causa
799 2119 885 2156 eius
916 2118 1075 2159 domum
1106 2118 1430 2170 frequentabant.

41 2182 47 2196 ¹
93 2175 133 2213 ln
165 2186 241 2224 quo
272 2186 321 2211 ne
351 2186 422 2212 nos
453 2180 609 2212 temere
637 2176 825 2215 hariolari
857 2177 1086 2224 existimes,
1127 2181 1238 2221 teste
1267 2177 1433 2216 Athe-

93 2243 225 2270 naeo
265 2229 314 2270 V.
352 2243 391 2280 p.
442 2230 537 2272 2153,
577 2232 621 2272 Ο.
662 2234 861 2285 Amipsias
917 2233 957 2271 in
998 2233 1137 2272 Ounno
1178 2234 1346 2273 chorum
1386 2245 1435 2272 ex

98 2293 386 2344 φροντισταῖς
426 2290 691 2340 compositum
721 2291 760 2329 in
791 2303 950 2328 scenam
983 2291 1159 2339 induxit,
1185 2292 1290 2342 quod
1322 2296 1436 2329 certe

98 2346 235 2383 facere
268 2357 346 2382 nou
378 2346 598 2394 potuisset,
637 2348 712 2386 nisi
749 2349 895 2388 bouum
931 2347 1112 2391 Gonnum
1151 2349 1340 2387 lubenter
1388 2348 1439 2385 de

98 2400 326 2441 istiusmodi
360 2402 481 2440 rebus
522 2405 660 2454 nugari
701 2405 836 2443 soler-e
885 2405 1056 2443 Athenis
1103 2411 1241 2444 notum
1279 2405 1441 2445 suisset.

100 2458 234 2509 Atque
263 2458 340 2496 hoc
369 2457 538 2497 alterum
568 2467 644 2509 est,
674 2462 712 2500 in
745 2474 823 2512 quo
853 2462 891 2499 ei
921 2462 1111 2512 quaedam
1143 2476 1231 2501 cnm
1272 2463 1443 2506 Socrate

103 2514 319 2554 similitudo
350 2514 594 2557 intercessit.
650 2518 835 2557 Tertium
867 2518 968 2564 suit,
1000 2520 1104 2570 qnod
1135 2521 1255 2559 etiam
1283 2520 1444 2558 habitus

105 2577 224 2621 atque
253 2571 378 2615 facies
406 2573 579 2612 hominis
608 2571 687 2623 per
711 2580 824 2618 esset
839 2575 1044 2621 ridiculus,
1103 2576 1320 2616 incedebat
1341 2578 1447 2615 euim

109 2641 183 2680 per
223 2628 374 2679 plateas
414 2631 524 2669 urbis
562 2632 755 2680 quandam
789 2645 886 2682 prae
935 2645 980 2670 se
1016 2633 1155 2673 serens
1194 2635 1448 2686 gravitatem,

64 2715 82 2730 ι.
109 2697 257 2725 corona
296 2690 475 2735 ornatus,
506 2688 743 2740 quandoque
774 2690 893 2728 etiam
922 2690 1182 2731 temulentus.
1241 2690 1346 2740 Quid
1375 2691 1452 2740 igi-

111 2743 210 2786 tut‘}
248 2742 342 2782 talis
381 2755 500 2795 quum
540 2751 654 2785 esset
688 2747 928 2797 Immunem,
964 2759 1058 2787 num
1096 2750 1279 2799 cuiquam
1307 2747 1453 2787 mirum
