1624 2904
245 179 330 221 14⁰
691 175 1108 223 PROLEGOMENA

244 289 401 342 parenti
437 290 570 333 caedis
611 293 805 333 actionem
849 291 1056 332 intendere
1098 293 1297 336 volentem
1341 297 1555 351 diligenter

243 348 380 385 videre
415 347 551 396 iubet,
587 362 635 389 an
672 351 779 401 pium
806 350 1031 400 iustumque
1060 350 1113 389 sit
1140 353 1330 392 eiusmodi
1357 358 1554 395 actionem

241 402 465 443 instituere.
520 406 607 454 Qua
633 419 679 444 re
706 405 892 457 profecto
921 406 1164 456 significatur
1191 421 1338 448 summa
1364 412 1438 450 viri
1465 412 1554 462 pie-

243 462 305 497 tas
336 463 379 497 et
405 460 570 511 religio,
599 475 715 512 quem
744 462 877 509 multi,
907 461 1149 513 sophisticae
1178 467 1372 515 nequitiae
1390 468 1553 506 insimu-

241 513 394 562 lantes,
433 519 564 555 tantae
599 518 813 570 impietatis
848 530 959 556 reum
997 518 1215 567 fecissent,
1252 525 1297 560 ut
1334 535 1421 560 eum
1450 523 1552 561 adeo

241 570 348 610 filios
379 572 418 609 in
448 573 634 623 parentes
661 574 832 619 reddere
859 574 1002 624 impios
1025 573 1263 615 dictitarent.
1319 577 1554 629 Exemplum

241 627 330 664 reis
357 626 597 667 luculentum
652 630 843 669 habemus
886 630 927 667 in
973 628 1151 669 Nubibus
1194 632 1472 684 Aristophanis
1514 646 1552 677 v,

242 682 352 720 182⁰
381 696 467 735 sqq.
497 685 562 724 ubi
590 685 872 736 Phidippides,
901 689 1157 737 posteaquam
1185 688 1224 725 in
1252 687 1345 726 ludo
1374 689 1552 730 Socratis

241 737 418 778 eruditus
454 745 539 787 est,
577 741 849 792 Strepsiadem
884 745 1039 791 patrem
1073 742 1256 782 verberat
1292 744 1411 795 idque
1437 749 1553 785 recte

240 798 285 833 et
311 795 398 833 iure
425 796 480 834 ita
506 809 529 835 a
556 810 600 835 se
627 799 717 836 fieri
747 796 967 835 contendit:
995 796 1042 834 ad
1072 799 1288 837 cuiusmodi
1307 802 1552 840 criminatio-

239 861 311 889 nes
349 852 462 890 nobis
506 853 661 903 quidem
702 865 780 892 non
819 856 883 891 est
919 853 1077 891 dubium
1106 855 1206 904 *quin
1246 855 1362 895 Plato
1397 858 1438 896 in
1471 857 1553 897 hoe

240 917 398 958 quoque
426 907 528 947 libro
556 911 783 961 respexerit
804 907 856 955 *).
912 908 1070 947 Licebit
1095 910 1216 960 igitur
1241 911 1316 950 iam
1345 913 1552 953 consilium

241 963 449 1014 scriptoris
486 967 622 1015 paucis
659 966 790 1004 verbis
826 965 1013 1003 indicare.
1078 965 1353 1016 Exploduntur
1379 970 1482 1007 enim
1509 969 1552 1009 in

238 1017 318 1057 hoc
350 1019 453 1058 libro
491 1026 612 1072 atque
648 1023 802 1062 ratione
836 1019 1039 1059 Socratica
1076 1023 1342 1062 examinantur
1369 1024 1551 1075 vulgares

239 1075 429 1125 quaedam
458 1075 509 1114 de
534 1078 694 1128 pietatis
721 1078 759 1115 vi
787 1079 829 1114 et
853 1081 991 1115 natura
1020 1078 1247 1128 opiniones,
1285 1083 1405 1131 atque
1431 1093 1552 1120 unum

239 1130 447 1171 Socratem
486 1133 710 1172 ostenditur
742 1132 850 1171 illam
885 1133 1045 1184 penitus
1084 1134 1320 1185 exploratam
1349 1136 1550 1184 habuisse,

237 1186 296 1226 ita
334 1188 514 1239 quidem,
548 1194 594 1228 ut
633 1202 718 1228 eam
753 1189 932 1240 potuerit
966 1193 1008 1227 et
1047 1188 1257 1229 definiendi
1294 1191 1473 1231 sollertia
1501 1191 1552 1232 ad

239 1243 431 1283 scientiae
467 1246 796 1296 perspicuitatem
832 1244 1033 1295 explicare
1069 1249 1112 1285 et
1145 1246 1185 1284 in
1212 1247 1300 1298 ipsa
1326 1248 1407 1286 vita
1432 1252 1552 1299 atque

240 1301 398 1339 actione
413 1301 603 1352 religiose
621 1301 726 1340 tueri
746 1304 865 1352 atque
893 1301 1121 1340 observare:
1150 1315 1250 1353 qnae
1279 1304 1407 1342 omnia
1434 1302 1553 1343 simul

237 1354 288 1394 ad
315 1355 493 1395 Socratis
512 1358 786 1397 defensionem
813 1356 958 1405 valent,
987 1358 1097 1396 cuius
1127 1370 1243 1396 causa
1269 1359 1433 1410 fingitur
1459 1370 1551 1398 mo-

235 1411 290 1450 do
325 1413 367 1452 in
406 1412 590 1453 iudicium
627 1413 799 1459 deducta
835 1424 948 1451 esse:
976 1418 1142 1465 apparet
1170 1415 1274 1453 enim
1303 1415 1449 1454 exinde⁴
1473 1414 1549 1454 So-

235 1472 388 1507 cratem
425 1468 477 1507 de
512 1471 632 1510 rebus
668 1469 806 1508 divinis
833 1468 973 1508 melius
999 1470 1230 1520 rectiusque
1255 1472 1406 1510 sentire
1433 1482 1549 1522 qnam

233 1525 436 1575 aequales,
462 1525 633 1577 ideoque
652 1525 803 1564 iudices
819 1525 1085 1565 Athenienses
1105 1526 1375 1575 admonentur,
1405 1530 1550 1578 quanta

231 1580 275 1676 {ln
304 1581 378 1620 hac
406 1594 524 1623 causa
560 1581 803 1623 diiudicanda
839 1592 942 1636 opus
980 1583 1036 1623 sit
1072 1583 1253 1627 cautione
1291 1587 1410 1637 atque
1452 1595 1547 1639 pru-

262 1638 379 1678 entia.

341 1738 421 1778 lam
448 1750 543 1777 vero
571 1737 671 1780 haec
701 1739 828 1777 omnia
854 1735 1189 1777 consideranthus
1225 1737 1338 1777 nobis
1376 1737 1546 1789 diligen·

230 1796 374 1845 terque
409 1794 742 1847 perpendentibus
779 1794 938 1832 dubium
971 1798 1085 1832 certe
1121 1794 1243 1832 videri
1282 1793 1389 1833 nullo
1427 1795 1546 1834 modo

228 1853 404 1902 poterit,
446 1852 538 1902 quin
573 1850 665 1888 huic
702 1850 804 1889 libro
842 1851 1008 1889 maxima
1033 1854 1075 1888 et
1102 1851 1291 1889 materiae
1321 1854 1362 1888 et
1390 1849 1544 1891 formae

230 1907 445 1946 similitudo
482 1908 536 1945 sit
574 1918 661 1944 cum
703 1905 880 1945 Lachete
918 1913 959 1945 et
997 1906 1221 1945 Charmide.
1287 1906 1386 1945 Nam
1414 1908 1543 1946 altero

227 1962 371 2002 horum
414 1963 604 2001 librorum
641 1962 1031 2008 fortitudinem,
1077 1962 1206 2001 altero
1252 1965 1544 2012 temperan—

227 2020 350 2058 tiam
379 2020 419 2058 in
448 2019 614 2057 Socrate
643 2031 832 2058 summam
860 2018 988 2056 fuisse
1015 2019 1075 2056 via
1105 2023 1147 2056 et
1175 2019 1326 2056 ratione
1346 2018 1542 2057 simillima

228 2074 408 2114 docetur.
474 2075 614 2125 Neque
653 2074 804 2113 abludit
844 2073 1027 2114 Menonis
1065 2079 1358 2125 argumentum,
1396 2075 1434 2112 in
1463 2086 1541 2124 quo

227 2130 332 2170 libro
362 2131 517 2170 Socrati
545 2131 813 2182 sapientiai
839 2130 1080 2178 vindicatur,
1112 2131 1259 2181 quippe
1288 2131 1353 2179 qui
1380 2129 1538 2170 virtutis

226 2187 394 2232 scientia
430 2188 569 2238 quibus
608 2187 725 2223 rebus
764 2187 1012 2225 contineatur
1049 2199 1146 2224 unus
1184 2186 1353 2224 omnium
1391 2186 1540 2235 optime

224 2247 481 2294 perspectum
507 2243 711 2280 habuerit:
741 2242 844 2292 quod
872 2241 1027 2291 quIdem
1060 2243 1157 2280 item
1199 2243 1254 2279 sic
1293 2241 1538 2280 demonstra*

225 2303 317 2346 tur,
358 2303 402 2337 ut
437 2311 577 2336 causae
614 2298 824 2338 simultatis
861 2299 966 2336 inter·
1002 2310 1089 2336 eum
1120 2302 1238 2346 atque
1267 2297 1436 2346 Anytum
1466 2309 1535 2334 ex-

225 2359 340 2393 ortae
378 2354 648 2404 significentur
694 2357 812 2402 atque
855 2354 956 2391 ratio
1000 2354 1310 2396 criminationum
1334 2352 1533 2401 ducatur,

223 2422 326 2461 quae
362 2410 403 2447 in
446 2409 570 2447 virum
606 2410 968 2447 innocentissimum
998 2411 1200 2447 coniectae
1230 2411 1353 2445 erunt.
1410 2407 1535 2447 Vide„

221 2477 309 2506 mus
337 2465 457 2515 igitur
484 2465 689 2503 Platonem
725 2470 909 2515 quattuor
941 2465 1098 2515 scriptis
1128 2463 1168 2503 id
1198 2465 1343 2513 egisse,
1370 2467 1416 2500 ut
1442 2476 1533 2501 mo-

221 2533 268 2561 re
303 2520 506 2566 Socratico
540 2521 591 2565 de
626 2525 812 2574 quattuor
848 2520 1056 2565 virtutibus
1092 2520 1312 2573 primariis,
1339 2526 1530 2571 tempe-

311 2708 348 2752 *)
378 2710 473 2741 conf.
497 2710 641 2741 Praefat.
666 2709 707 2740 ad
730 2708 933 2749 Euthydem-
