<?xml version="1.0" encoding="UTF-8"?>
<!DOCTYPE html PUBLIC "-//W3C//DTD XHTML 1.0 Transitional//EN"
    "http://www.w3.org/TR/xhtml1/DTD/xhtml1-transitional.dtd">
<html xmlns="http://www.w3.org/1999/xhtml" xml:lang="en" lang="en">
 <head>
  <title>
</title>
<meta http-equiv="Content-Type" content="text/html;charset=utf-8" />
  <meta name='ocr-system' content='tesseract 3.04.00' />
  <meta name='ocr-capabilities' content='ocr_page ocr_carea ocr_par ocr_line ocrx_word'/>
</head>
<body>
  <div class='ocr_page' id='page_1' title='image "./operaomniarecens06platuoft_0023.png"; bbox 0 0 1624 2904; ppageno 0'>
   <div class='ocr_carea' id='block_1_1' title="bbox 240 141 1368 191">
    <p class='ocr_par' dir='ltr' id='par_1_1' title="bbox 240 141 1368 191">
     <span class='ocr_line' id='line_1_1' title="bbox 240 141 1368 191; baseline -0.008 0"><span class='ocrx_word' id='word_1_1' title='bbox 240 150 321 191; x_wconf 74' lang='lat' dir='ltr'><strong>DF}</strong></span> <span class='ocrx_word' id='word_1_2' title='bbox 361 143 794 189; x_wconf 72' lang='lat' dir='ltr'>EUTHYDEMO</span> <span class='ocrx_word' id='word_1_3' title='bbox 844 141 1191 185; x_wconf 85' lang='lat' dir='ltr'><strong>PLATONIS.</strong></span> <span class='ocrx_word' id='word_1_4' title='bbox 1316 143 1368 183; x_wconf 73' lang='lat'><strong>17</strong></span> 
     </span>
    </p>
   </div>
   <div class='ocr_carea' id='block_1_2' title="bbox 0 258 1453 2777">
    <p class='ocr_par' dir='ltr' id='par_1_2' title="bbox 0 258 1453 2777">
     <span class='ocr_line' id='line_1_2' title="bbox 28 258 1374 319; baseline -0.008 -10"><span class='ocrx_word' id='word_1_5' title='bbox 28 270 104 310; x_wconf 85' lang='lat' dir='ltr'><strong>bus</strong></span> <span class='ocrx_word' id='word_1_6' title='bbox 142 265 373 319; x_wconf 80' lang='lat' dir='ltr'><strong>neglectum</strong></span> <span class='ocrx_word' id='word_1_7' title='bbox 402 274 518 311; x_wconf 85' lang='lat' dir='ltr'><strong>esse,</strong></span> <span class='ocrx_word' id='word_1_8' title='bbox 559 272 679 312; x_wconf 89' lang='lat' dir='ltr'><strong>quum</strong></span> <span class='ocrx_word' id='word_1_9' title='bbox 709 258 900 299; x_wconf 84' lang='lat' dir='ltr'><strong>ostendat</strong></span> <span class='ocrx_word' id='word_1_10' title='bbox 927 258 1264 307; x_wconf 75' lang='lat' dir='ltr'>luculentissime,</span> <span class='ocrx_word' id='word_1_11' title='bbox 1292 269 1374 299; x_wconf 87' lang='lat' dir='ltr'><strong>non</strong></span> 
     </span>
     <span class='ocr_line' id='line_1_3' title="bbox 30 315 1373 374; baseline -0.007 -9"><span class='ocrx_word' id='word_1_12' title='bbox 30 327 83 366; x_wconf 88' lang='lat' dir='ltr'><strong>de</strong></span> <span class='ocrx_word' id='word_1_13' title='bbox 111 337 188 364; x_wconf 86' lang='lat' dir='ltr'><strong>una</strong></span> <span class='ocrx_word' id='word_1_14' title='bbox 212 322 420 374; x_wconf 73' lang='lat' dir='ltr'><strong>disciplina</strong></span> <span class='ocrx_word' id='word_1_15' title='bbox 448 319 655 359; x_wconf 87' lang='lat' dir='ltr'><strong>Socratica</strong></span> <span class='ocrx_word' id='word_1_16' title='bbox 682 317 770 369; x_wconf 78' lang='lat' dir='ltr'><strong>agi,</strong></span> <span class='ocrx_word' id='word_1_17' title='bbox 799 316 872 357; x_wconf 85' lang='lat' dir='ltr'><strong>sed</strong></span> <span class='ocrx_word' id='word_1_18' title='bbox 904 317 1025 356; x_wconf 82' lang='lat' dir='ltr'><strong>etiam</strong></span> <span class='ocrx_word' id='word_1_19' title='bbox 1054 317 1107 356; x_wconf 89' lang='lat' dir='ltr'><strong>de</strong></span> <span class='ocrx_word' id='word_1_20' title='bbox 1134 317 1260 368; x_wconf 83' lang='lat' dir='ltr'><strong>ipsius</strong></span> <span class='ocrx_word' id='word_1_21' title='bbox 1290 315 1373 355; x_wconf 85' lang='lat' dir='ltr'><strong>So·</strong></span> 
     </span>
     <span class='ocr_line' id='line_1_4' title="bbox 30 373 1373 433; baseline -0.008 -10"><span class='ocrx_word' id='word_1_22' title='bbox 30 383 154 423; x_wconf 86' lang='lat' dir='ltr'><strong>cratis</strong></span> <span class='ocrx_word' id='word_1_23' title='bbox 190 380 295 433; x_wconf 89' lang='lat' dir='ltr'><strong>apud</strong></span> <span class='ocrx_word' id='word_1_24' title='bbox 324 380 426 418; x_wconf 90' lang='lat' dir='ltr'><strong>alios</strong></span> <span class='ocrx_word' id='word_1_25' title='bbox 466 377 773 416; x_wconf 77' lang='lat' dir='ltr'><strong>existimatione.</strong></span> <span class='ocrx_word' id='word_1_26' title='bbox 832 375 913 414; x_wconf 88' lang='lat' dir='ltr'><strong>Iam</strong></span> <span class='ocrx_word' id='word_1_27' title='bbox 942 385 1039 413; x_wconf 79' lang='lat' dir='ltr'><strong>vero</strong></span> <span class='ocrx_word' id='word_1_28' title='bbox 1070 386 1189 425; x_wconf 93' lang='lat' dir='ltr'><strong>quum</strong></span> <span class='ocrx_word' id='word_1_29' title='bbox 1220 373 1373 413; x_wconf 90' lang='lat' dir='ltr'><strong>Socra-</strong></span> 
     </span>
     <span class='ocr_line' id='line_1_5' title="bbox 30 431 1374 482; baseline -0.007 -2"><span class='ocrx_word' id='word_1_30' title='bbox 30 441 110 481; x_wconf 85' lang='lat' dir='ltr'><strong>tica</strong></span> <span class='ocrx_word' id='word_1_31' title='bbox 147 440 250 478; x_wconf 88' lang='lat' dir='ltr'><strong>ratio</strong></span> <span class='ocrx_word' id='word_1_32' title='bbox 289 440 403 475; x_wconf 87' lang='lat' dir='ltr'><strong>esset</strong></span> <span class='ocrx_word' id='word_1_33' title='bbox 438 433 728 480; x_wconf 85' lang='lat' dir='ltr'><strong>adumbranda,</strong></span> <span class='ocrx_word' id='word_1_34' title='bbox 766 432 858 470; x_wconf 86' lang='lat' dir='ltr'><strong>fieri</strong></span> <span class='ocrx_word' id='word_1_35' title='bbox 887 444 964 470; x_wconf 87' lang='lat' dir='ltr'><strong>non</strong></span> <span class='ocrx_word' id='word_1_36' title='bbox 994 432 1150 482; x_wconf 86' lang='lat' dir='ltr'><strong>potuit,</strong></span> <span class='ocrx_word' id='word_1_37' title='bbox 1187 431 1283 482; x_wconf 85' lang='lat' dir='ltr'><strong>quin</strong></span> <span class='ocrx_word' id='word_1_38' title='bbox 1312 431 1374 470; x_wconf 86' lang='lat' dir='ltr'><strong>si·</strong></span> 
     </span>
     <span class='ocr_line' id='line_1_6' title="bbox 31 488 1374 544; baseline -0.007 -7"><span class='ocrx_word' id='word_1_39' title='bbox 31 497 114 538; x_wconf 90' lang='lat' dir='ltr'><strong>mul</strong></span> <span class='ocrx_word' id='word_1_40' title='bbox 143 496 256 535; x_wconf 83' lang='lat' dir='ltr'><strong>loc&#39;us</strong></span> <span class='ocrx_word' id='word_1_41' title='bbox 285 493 426 544; x_wconf 91' lang='lat' dir='ltr'><strong>aliquis</strong></span> <span class='ocrx_word' id='word_1_42' title='bbox 457 491 738 543; x_wconf 78' lang='lat' dir='ltr'><strong>philosophiae</strong></span> <span class='ocrx_word' id='word_1_43' title='bbox 761 501 875 528; x_wconf 88' lang='lat' dir='ltr'><strong>more</strong></span> <span class='ocrx_word' id='word_1_44' title='bbox 904 489 1116 528; x_wconf 84' lang='lat' dir='ltr'><strong>Socratico</strong></span> <span class='ocrx_word' id='word_1_45' title='bbox 1141 488 1374 528; x_wconf 77' lang='lat' dir='ltr'><strong>tractandus</strong></span> 
     </span>
     <span class='ocr_line' id='line_1_7' title="bbox 34 546 1373 601; baseline -0.007 -7"><span class='ocrx_word' id='word_1_46' title='bbox 34 557 162 596; x_wconf 85' lang='lat' dir='ltr'><strong>essct.</strong></span> <span class='ocrx_word' id='word_1_47' title='bbox 221 553 362 601; x_wconf 85' lang='lat' dir='ltr'><strong>ltaque</strong></span> <span class='ocrx_word' id='word_1_48' title='bbox 389 549 701 600; x_wconf 81' lang='lat' dir='ltr'><strong>prudentissime</strong></span> <span class='ocrx_word' id='word_1_49' title='bbox 731 547 923 586; x_wconf 84' lang='lat' dir='ltr'><strong>Socrates</strong></span> <span class='ocrx_word' id='word_1_50' title='bbox 953 547 1110 586; x_wconf 84' lang='lat' dir='ltr'><strong>duobus</strong></span> <span class='ocrx_word' id='word_1_51' title='bbox 1134 546 1229 584; x_wconf 84' lang='lat' dir='ltr'><strong>libri</strong></span> <span class='ocrx_word' id='word_1_52' title='bbox 1255 546 1373 594; x_wconf 88' lang='lat' dir='ltr'><strong>locis,</strong></span> 
     </span>
     <span class='ocr_line' id='line_1_8' title="bbox 33 602 1375 658; baseline -0.007 -7"><span class='ocrx_word' id='word_1_53' title='bbox 33 612 155 651; x_wconf 87' lang='lat' dir='ltr'><strong>missa</strong></span> <span class='ocrx_word' id='word_1_54' title='bbox 185 621 273 649; x_wconf 91' lang='lat' dir='ltr'><strong>cum</strong></span> <span class='ocrx_word' id='word_1_55' title='bbox 303 607 497 658; x_wconf 79' lang='lat' dir='ltr'><strong>sophistis</strong></span> <span class='ocrx_word' id='word_1_56' title='bbox 527 606 806 653; x_wconf 86' lang='lat' dir='ltr'><strong>altercatione,</strong></span> <span class='ocrx_word' id='word_1_57' title='bbox 838 606 894 643; x_wconf 89' lang='lat' dir='ltr'><strong>ita</strong></span> <span class='ocrx_word' id='word_1_58' title='bbox 923 604 1128 643; x_wconf 87' lang='lat' dir='ltr'><strong>disserens</strong></span> <span class='ocrx_word' id='word_1_59' title='bbox 1158 602 1375 652; x_wconf 79' lang='lat' dir='ltr'><strong>inducitur,</strong></span> 
     </span>
     <span class='ocr_line' id='line_1_9' title="bbox 34 661 1375 714; baseline -0.007 -7"><span class='ocrx_word' id='word_1_60' title='bbox 34 673 80 708; x_wconf 90' lang='lat' dir='ltr'><strong>ut</strong></span> <span class='ocrx_word' id='word_1_61' title='bbox 118 679 208 706; x_wconf 90' lang='lat' dir='ltr'><strong>cum</strong></span> <span class='ocrx_word' id='word_1_62' title='bbox 247 665 377 704; x_wconf 88' lang='lat' dir='ltr'><strong>Clinia</strong></span> <span class='ocrx_word' id='word_1_63' title='bbox 417 664 573 714; x_wconf 87' lang='lat' dir='ltr'><strong>potius,</strong></span> <span class='ocrx_word' id='word_1_64' title='bbox 603 663 927 711; x_wconf 81' lang='lat' dir='ltr'><strong>adolescentulo,</strong></span> <span class='ocrx_word' id='word_1_65' title='bbox 958 661 1078 701; x_wconf 90' lang='lat' dir='ltr'><strong>nullis</strong></span> <span class='ocrx_word' id='word_1_66' title='bbox 1107 661 1201 700; x_wconf 91' lang='lat' dir='ltr'><strong>dum</strong></span> <span class='ocrx_word' id='word_1_67' title='bbox 1230 661 1375 712; x_wconf 88' lang='lat' dir='ltr'><strong>sophi-</strong></span> 
     </span>
     <span class='ocr_line' id='line_1_10' title="bbox 35 718 1376 771; baseline -0.006 -7"><span class='ocrx_word' id='word_1_68' title='bbox 35 729 186 764; x_wconf 79' lang='lat' dir='ltr'><strong>starum</strong></span> <span class='ocrx_word' id='word_1_69' title='bbox 216 723 370 761; x_wconf 86' lang='lat' dir='ltr'><strong>artibus</strong></span> <span class='ocrx_word' id='word_1_70' title='bbox 400 721 639 771; x_wconf 70' lang='lat' dir='ltr'><strong>depravato,</strong></span> <span class='ocrx_word' id='word_1_71' title='bbox 670 720 906 770; x_wconf 84' lang='lat' dir='ltr'><strong>colloquens</strong></span> <span class='ocrx_word' id='word_1_72' title='bbox 934 731 1048 758; x_wconf 90' lang='lat' dir='ltr'><strong>more</strong></span> <span class='ocrx_word' id='word_1_73' title='bbox 1077 730 1152 758; x_wconf 88' lang='lat' dir='ltr'><strong>suo</strong></span> <span class='ocrx_word' id='word_1_74' title='bbox 1181 718 1376 769; x_wconf 86' lang='lat' dir='ltr'><strong>quaedam</strong></span> 
     </span>
     <span class='ocr_line' id='line_1_11' title="bbox 34 775 1376 827; baseline -0.004 -7"><span class='ocrx_word' id='word_1_75' title='bbox 34 782 88 820; x_wconf 85' lang='lat' dir='ltr'><strong>de</strong></span> <span class='ocrx_word' id='word_1_76' title='bbox 125 791 244 819; x_wconf 71' lang='lat' dir='ltr'><strong>verae</strong></span> <span class='ocrx_word' id='word_1_77' title='bbox 273 779 481 817; x_wconf 73' lang='lat' dir='ltr'><strong>felicitatis</strong></span> <span class='ocrx_word' id='word_1_78' title='bbox 512 785 673 825; x_wconf 84' lang='lat' dir='ltr'><strong>natura,</strong></span> <span class='ocrx_word' id='word_1_79' title='bbox 712 777 762 816; x_wconf 85' lang='lat' dir='ltr'><strong>de</strong></span> <span class='ocrx_word' id='word_1_80' title='bbox 792 777 952 816; x_wconf 79' lang='lat' dir='ltr'><strong>virtutis</strong></span> <span class='ocrx_word' id='word_1_81' title='bbox 982 776 1212 827; x_wconf 78' lang='lat' dir='ltr'><strong>disciplina,</strong></span> <span class='ocrx_word' id='word_1_82' title='bbox 1241 775 1376 825; x_wconf 82' lang='lat' dir='ltr'><strong>deque</strong></span> 
     </span>
     <span class='ocr_line' id='line_1_12' title="bbox 36 833 1377 886; baseline -0.005 -8"><span class='ocrx_word' id='word_1_83' title='bbox 36 839 205 882; x_wconf 77' lang='lat' dir='ltr'><strong>scientia</strong></span> <span class='ocrx_word' id='word_1_84' title='bbox 245 836 293 875; x_wconf 85' lang='lat' dir='ltr'><strong>ad</strong></span> <span class='ocrx_word' id='word_1_85' title='bbox 331 849 418 875; x_wconf 86' lang='lat' dir='ltr'><strong>eam</strong></span> <span class='ocrx_word' id='word_1_86' title='bbox 463 836 691 874; x_wconf 86' lang='lat' dir='ltr'><strong>necessaria</strong></span> <span class='ocrx_word' id='word_1_87' title='bbox 735 835 938 886; x_wconf 86' lang='lat' dir='ltr'><strong>disputet,</strong></span> <span class='ocrx_word' id='word_1_88' title='bbox 985 835 1124 885; x_wconf 90' lang='lat' dir='ltr'><strong>itaque</strong></span> <span class='ocrx_word' id='word_1_89' title='bbox 1170 833 1377 883; x_wconf 84' lang='lat' dir='ltr'><strong>ostendat,</strong></span> 
     </span>
     <span class='ocr_line' id='line_1_13' title="bbox 36 891 1378 946; baseline -0.004 -12"><span class='ocrx_word' id='word_1_90' title='bbox 36 900 225 946; x_wconf 88' lang='lat' dir='ltr'><strong>quantum</strong></span> <span class='ocrx_word' id='word_1_91' title='bbox 255 895 380 945; x_wconf 74' lang='lat' dir='ltr'><strong>ipsius</strong></span> <span class='ocrx_word' id='word_1_92' title='bbox 410 894 513 932; x_wconf 79' lang='lat' dir='ltr'><strong>ratio</strong></span> <span class='ocrx_word' id='word_1_93' title='bbox 545 894 593 931; x_wconf 92' lang='lat' dir='ltr'><strong>ab</strong></span> <span class='ocrx_word' id='word_1_94' title='bbox 626 893 786 931; x_wconf 90' lang='lat' dir='ltr'><strong>illorum</strong></span> <span class='ocrx_word' id='word_1_95' title='bbox 827 893 942 944; x_wconf 83' lang='lat' dir='ltr'><strong>nugis</strong></span> <span class='ocrx_word' id='word_1_96' title='bbox 973 897 1017 931; x_wconf 90' lang='lat' dir='ltr'><strong>et</strong></span> <span class='ocrx_word' id='word_1_97' title='bbox 1045 891 1274 943; x_wconf 76' lang='lat' dir='ltr'><strong>praestigiis</strong></span> <span class='ocrx_word' id='word_1_98' title='bbox 1305 903 1378 929; x_wconf 89' lang='lat' dir='ltr'><strong>re-</strong></span> 
     </span>
     <span class='ocr_line' id='line_1_14' title="bbox 37 948 1377 1002; baseline -0.004 -10"><span class='ocrx_word' id='word_1_99' title='bbox 37 953 167 993; x_wconf 87' lang='lat' dir='ltr'><strong>cedat.</strong></span> <span class='ocrx_word' id='word_1_100' title='bbox 236 951 353 1000; x_wconf 75' lang='lat' dir='ltr'><strong>Quod</strong></span> <span class='ocrx_word' id='word_1_101' title='bbox 391 951 550 1001; x_wconf 87' lang='lat' dir='ltr'><strong>quidem</strong></span> <span class='ocrx_word' id='word_1_102' title='bbox 589 963 662 1002; x_wconf 91' lang='lat' dir='ltr'><strong>pro</strong></span> <span class='ocrx_word' id='word_1_103' title='bbox 701 961 856 989; x_wconf 90' lang='lat' dir='ltr'><strong>summo</strong></span> <span class='ocrx_word' id='word_1_104' title='bbox 892 953 1014 999; x_wconf 88' lang='lat' dir='ltr'><strong>atque</strong></span> <span class='ocrx_word' id='word_1_105' title='bbox 1063 953 1244 988; x_wconf 80' lang='lat' dir='ltr'><strong>extremo</strong></span> <span class='ocrx_word' id='word_1_106' title='bbox 1283 948 1377 987; x_wconf 88' lang='lat' dir='ltr'><strong>uni-</strong></span> 
     </span>
     <span class='ocr_line' id='line_1_15' title="bbox 36 1005 1378 1059; baseline -0.004 -11"><span class='ocrx_word' id='word_1_107' title='bbox 36 1011 144 1048; x_wconf 75' lang='lat' dir='ltr'><strong>versi</strong></span> <span class='ocrx_word' id='word_1_108' title='bbox 174 1010 307 1059; x_wconf 83' lang='lat' dir='ltr'><strong>operis</strong></span> <span class='ocrx_word' id='word_1_109' title='bbox 340 1008 507 1046; x_wconf 87' lang='lat' dir='ltr'><strong>consilio</strong></span> <span class='ocrx_word' id='word_1_110' title='bbox 537 1007 596 1046; x_wconf 86' lang='lat' dir='ltr'><strong>sic</strong></span> <span class='ocrx_word' id='word_1_111' title='bbox 625 1008 871 1051; x_wconf 78' lang='lat' dir='ltr'><strong>instituitur,</strong></span> <span class='ocrx_word' id='word_1_112' title='bbox 902 1012 948 1045; x_wconf 91' lang='lat' dir='ltr'><strong>ut</strong></span> <span class='ocrx_word' id='word_1_113' title='bbox 977 1010 1256 1058; x_wconf 81' lang='lat' dir='ltr'><strong>argumentum</strong></span> <span class='ocrx_word' id='word_1_114' title='bbox 1289 1005 1378 1044; x_wconf 88' lang='lat' dir='ltr'><strong>dis-</strong></span> 
     </span>
     <span class='ocr_line' id='line_1_16' title="bbox 35 1062 1379 1119; baseline -0.002 -14"><span class='ocrx_word' id='word_1_115' title='bbox 35 1067 255 1119; x_wconf 86' lang='lat' dir='ltr'><strong>putationis</strong></span> <span class='ocrx_word' id='word_1_116' title='bbox 294 1064 569 1104; x_wconf 88' lang='lat' dir='ltr'><strong>tantummodo</strong></span> <span class='ocrx_word' id='word_1_117' title='bbox 607 1065 752 1104; x_wconf 78' lang='lat' dir='ltr'><strong>leviter</strong></span> <span class='ocrx_word' id='word_1_118' title='bbox 794 1064 1040 1116; x_wconf 81' lang='lat' dir='ltr'><strong>attingatur,</strong></span> <span class='ocrx_word' id='word_1_119' title='bbox 1080 1075 1160 1103; x_wconf 89' lang='lat' dir='ltr'><strong>non</strong></span> <span class='ocrx_word' id='word_1_120' title='bbox 1202 1062 1243 1102; x_wconf 87' lang='lat' dir='ltr'><strong>in</strong></span> <span class='ocrx_word' id='word_1_121' title='bbox 1279 1063 1379 1103; x_wconf 90' lang='lat' dir='ltr'><strong>illu-</strong></span> 
     </span>
     <span class='ocr_line' id='line_1_17' title="bbox 38 1121 1379 1164; baseline -0.003 -1"><span class='ocrx_word' id='word_1_122' title='bbox 38 1125 190 1164; x_wconf 80' lang='lat' dir='ltr'><strong>striore</strong></span> <span class='ocrx_word' id='word_1_123' title='bbox 228 1124 320 1162; x_wconf 91' lang='lat' dir='ltr'><strong>luce</strong></span> <span class='ocrx_word' id='word_1_124' title='bbox 359 1122 596 1163; x_wconf 89' lang='lat' dir='ltr'><strong>collocetur.</strong></span> <span class='ocrx_word' id='word_1_125' title='bbox 662 1122 765 1161; x_wconf 85' lang='lat' dir='ltr'><strong>Nam</strong></span> <span class='ocrx_word' id='word_1_126' title='bbox 803 1122 902 1160; x_wconf 86' lang='lat' dir='ltr'><strong>nihil</strong></span> <span class='ocrx_word' id='word_1_127' title='bbox 939 1121 1047 1160; x_wconf 90' lang='lat' dir='ltr'><strong>aliud</strong></span> <span class='ocrx_word' id='word_1_128' title='bbox 1077 1121 1270 1160; x_wconf 84' lang='lat' dir='ltr'><strong>Socrates</strong></span> <span class='ocrx_word' id='word_1_129' title='bbox 1301 1121 1379 1160; x_wconf 87' lang='lat' dir='ltr'><strong>sibi</strong></span> 
     </span>
     <span class='ocr_line' id='line_1_18' title="bbox 37 1178 1379 1230; baseline -0.002 -10"><span class='ocrx_word' id='word_1_130' title='bbox 37 1181 146 1229; x_wconf 71' lang='lat' dir='ltr'><strong>vult,</strong></span> <span class='ocrx_word' id='word_1_131' title='bbox 186 1181 291 1219; x_wconf 90' lang='lat' dir='ltr'><strong>sicut</strong></span> <span class='ocrx_word' id='word_1_132' title='bbox 329 1180 418 1230; x_wconf 89' lang='lat' dir='ltr'><strong>ipse</strong></span> <span class='ocrx_word' id='word_1_133' title='bbox 447 1180 522 1227; x_wconf 84' lang='lat' dir='ltr'><strong>ait,</strong></span> <span class='ocrx_word' id='word_1_134' title='bbox 553 1180 630 1218; x_wconf 89' lang='lat' dir='ltr'><strong>nisi</strong></span> <span class='ocrx_word' id='word_1_135' title='bbox 658 1179 737 1218; x_wconf 89' lang='lat' dir='ltr'><strong>hoc</strong></span> <span class='ocrx_word' id='word_1_136' title='bbox 767 1192 907 1227; x_wconf 91' lang='lat' dir='ltr'><strong>unum,</strong></span> <span class='ocrx_word' id='word_1_137' title='bbox 938 1185 983 1217; x_wconf 89' lang='lat' dir='ltr'><strong>ut</strong></span> <span class='ocrx_word' id='word_1_138' title='bbox 1012 1178 1207 1230; x_wconf 83' lang='lat' dir='ltr'><strong>sophistis</strong></span> <span class='ocrx_word' id='word_1_139' title='bbox 1237 1190 1379 1217; x_wconf 86' lang='lat' dir='ltr'><strong>exem-</strong></span> 
     </span>
     <span class='ocr_line' id='line_1_19' title="bbox 8 1233 1381 1290; baseline -0.002 -14"><span class='ocrx_word' id='word_1_140' title='bbox 8 1233 148 1290; x_wconf 49' lang='lat' dir='ltr'><strong>‘plum</strong></span> <span class='ocrx_word' id='word_1_141' title='bbox 179 1237 337 1287; x_wconf 79' lang='lat' dir='ltr'><strong>aliquod</strong></span> <span class='ocrx_word' id='word_1_142' title='bbox 369 1238 419 1275; x_wconf 92' lang='lat' dir='ltr'><strong>ob</strong></span> <span class='ocrx_word' id='word_1_143' title='bbox 450 1237 589 1275; x_wconf 82' lang='lat' dir='ltr'><strong>oculos</strong></span> <span class='ocrx_word' id='word_1_144' title='bbox 621 1242 814 1287; x_wconf 88' lang='lat' dir='ltr'><strong>ponatur,</strong></span> <span class='ocrx_word' id='word_1_145' title='bbox 853 1237 904 1274; x_wconf 90' lang='lat' dir='ltr'><strong>ad</strong></span> <span class='ocrx_word' id='word_1_146' title='bbox 935 1237 1048 1275; x_wconf 88' lang='lat' dir='ltr'><strong>cuius</strong></span> <span class='ocrx_word' id='word_1_147' title='bbox 1078 1241 1256 1274; x_wconf 82' lang='lat' dir='ltr'><strong>normam</strong></span> <span class='ocrx_word' id='word_1_148' title='bbox 1286 1248 1381 1273; x_wconf 87' lang='lat' dir='ltr'><strong>sus-</strong></span> 
     </span>
     <span class='ocr_line' id='line_1_20' title="bbox 39 1293 1381 1346; baseline -0.003 -12"><span class='ocrx_word' id='word_1_149' title='bbox 39 1300 158 1346; x_wconf 86' lang='lat' dir='ltr'><strong>cepta</strong></span> <span class='ocrx_word' id='word_1_150' title='bbox 194 1295 412 1345; x_wconf 77' lang='lat' dir='ltr'><strong>disputatio</strong></span> <span class='ocrx_word' id='word_1_151' title='bbox 452 1293 503 1331; x_wconf 87' lang='lat' dir='ltr'><strong>de</strong></span> <span class='ocrx_word' id='word_1_152' title='bbox 541 1295 703 1332; x_wconf 78' lang='lat' dir='ltr'><strong>virtutis</strong></span> <span class='ocrx_word' id='word_1_153' title='bbox 739 1294 1017 1340; x_wconf 83' lang='lat' dir='ltr'><strong>institutione,</strong></span> <span class='ocrx_word' id='word_1_154' title='bbox 1048 1305 1165 1342; x_wconf 91' lang='lat' dir='ltr'><strong>quam</strong></span> <span class='ocrx_word' id='word_1_155' title='bbox 1192 1293 1253 1330; x_wconf 90' lang='lat' dir='ltr'><strong>illi</strong></span> <span class='ocrx_word' id='word_1_156' title='bbox 1281 1304 1381 1343; x_wconf 90' lang='lat' dir='ltr'><strong>pro-</strong></span> 
     </span>
     <span class='ocr_line' id='line_1_21' title="bbox 40 1347 1424 1402; baseline -0.002 -12"><span class='ocrx_word' id='word_1_157' title='bbox 40 1352 146 1391; x_wconf 86' lang='lat' dir='ltr'><strong>fessi</strong></span> <span class='ocrx_word' id='word_1_158' title='bbox 174 1352 311 1398; x_wconf 79' lang='lat' dir='ltr'><strong>erant,</strong></span> <span class='ocrx_word' id='word_1_159' title='bbox 340 1350 558 1400; x_wconf 79' lang='lat' dir='ltr'><strong>prudenter</strong></span> <span class='ocrx_word' id='word_1_160' title='bbox 587 1350 794 1402; x_wconf 77' lang='lat' dir='ltr'><strong>dirigatur.</strong></span> <span class='ocrx_word' id='word_1_161' title='bbox 853 1347 1051 1400; x_wconf 77' lang='lat' dir='ltr'><strong>Quocirca</strong></span> <span class='ocrx_word' id='word_1_162' title='bbox 1078 1350 1204 1401; x_wconf 90' lang='lat' dir='ltr'><strong>ipsius</strong></span> <span class='ocrx_word' id='word_1_163' title='bbox 1234 1349 1383 1388; x_wconf 88' lang='lat' dir='ltr'><strong>Socra·</strong></span> <span class='ocrx_word' id='word_1_164' title='bbox 1420 1400 1424 1402; x_wconf 13' lang='lat' dir='ltr'>Y</span> 
     </span>
     <span class='ocr_line' id='line_1_22' title="bbox 42 1406 1382 1458; baseline -0.001 -11"><span class='ocrx_word' id='word_1_165' title='bbox 42 1409 96 1448; x_wconf 89' lang='lat' dir='ltr'><strong>tis</strong></span> <span class='ocrx_word' id='word_1_166' title='bbox 143 1406 195 1446; x_wconf 87' lang='lat' dir='ltr'><strong>de</strong></span> <span class='ocrx_word' id='word_1_167' title='bbox 246 1407 311 1445; x_wconf 87' lang='lat' dir='ltr'><strong>his</strong></span> <span class='ocrx_word' id='word_1_168' title='bbox 351 1407 472 1445; x_wconf 87' lang='lat' dir='ltr'><strong>rebus</strong></span> <span class='ocrx_word' id='word_1_169' title='bbox 513 1410 714 1447; x_wconf 84' lang='lat' dir='ltr'><strong>sententia</strong></span> <span class='ocrx_word' id='word_1_170' title='bbox 751 1408 877 1458; x_wconf 81' lang='lat' dir='ltr'><strong>magis</strong></span> <span class='ocrx_word' id='word_1_171' title='bbox 916 1407 1165 1458; x_wconf 66' lang='lat' dir='ltr'><strong>significatur</strong></span> <span class='ocrx_word' id='word_1_172' title='bbox 1193 1407 1382 1456; x_wconf 87' lang='lat' dir='ltr'><strong>obscure,</strong></span> 
     </span>
     <span class='ocr_line' id='line_1_23' title="bbox 44 1463 1414 1516; baseline -0.001 -13"><span class='ocrx_word' id='word_1_173' title='bbox 44 1474 160 1516; x_wconf 89' lang='lat' dir='ltr'><strong>quam</strong></span> <span class='ocrx_word' id='word_1_174' title='bbox 189 1463 397 1502; x_wconf 76' lang='lat' dir='ltr'><strong>enucleate</strong></span> <span class='ocrx_word' id='word_1_175' title='bbox 428 1464 651 1514; x_wconf 78' lang='lat' dir='ltr'><strong>exponitur.</strong></span> <span class='ocrx_word' id='word_1_176' title='bbox 708 1465 771 1502; x_wconf 81' lang='lat' dir='ltr'><strong>Ex</strong></span> <span class='ocrx_word' id='word_1_177' title='bbox 796 1477 880 1514; x_wconf 79' lang='lat' dir='ltr'><strong>quo</strong></span> <span class='ocrx_word' id='word_1_178' title='bbox 908 1465 997 1514; x_wconf 78' lang='lat' dir='ltr'><strong>ipso</strong></span> <span class='ocrx_word' id='word_1_179' title='bbox 1027 1465 1283 1514; x_wconf 88' lang='lat' dir='ltr'><strong>perspicuum</strong></span> <span class='ocrx_word' id='word_1_180' title='bbox 1304 1469 1414 1512; x_wconf 79' lang='lat' dir='ltr'><strong>est,·</strong></span> 
     </span>
     <span class='ocr_line' id='line_1_24' title="bbox 43 1520 1383 1571; baseline -0.001 -10"><span class='ocrx_word' id='word_1_181' title='bbox 43 1535 117 1561; x_wconf 86' lang='lat' dir='ltr'><strong>cur</strong></span> <span class='ocrx_word' id='word_1_182' title='bbox 142 1520 441 1571; x_wconf 83' lang='lat' dir='ltr'><strong>improbandum</strong></span> <span class='ocrx_word' id='word_1_183' title='bbox 479 1533 714 1559; x_wconf 83' lang='lat' dir='ltr'><strong>censeamus</strong></span> <span class='ocrx_word' id='word_1_184' title='bbox 753 1520 1154 1559; x_wconf 79' lang='lat' dir='ltr'><strong>Schleiermach</strong></span> <span class='ocrx_word' id='word_1_185' title='bbox 1169 1521 1242 1559; x_wconf 91' lang='lat' dir='ltr'><strong>eri</strong></span> <span class='ocrx_word' id='word_1_186' title='bbox 1279 1521 1383 1561; x_wconf 88' lang='lat' dir='ltr'><strong>iudi-</strong></span> 
     </span>
     <span class='ocr_line' id='line_1_25' title="bbox 42 1577 1382 1630; baseline 0 -13"><span class='ocrx_word' id='word_1_187' title='bbox 42 1579 171 1624; x_wconf 88' lang='lat' dir='ltr'><strong>cium,</strong></span> <span class='ocrx_word' id='word_1_188' title='bbox 210 1578 277 1627; x_wconf 88' lang='lat' dir='ltr'><strong>qui</strong></span> <span class='ocrx_word' id='word_1_189' title='bbox 305 1577 345 1616; x_wconf 93' lang='lat' dir='ltr'><strong>in</strong></span> <span class='ocrx_word' id='word_1_190' title='bbox 377 1577 440 1616; x_wconf 85' lang='lat' dir='ltr'><strong>his</strong></span> <span class='ocrx_word' id='word_1_191' title='bbox 481 1578 579 1628; x_wconf 70' lang='lat' dir='ltr'><strong>ipsis</strong></span> <span class='ocrx_word' id='word_1_192' title='bbox 609 1578 704 1617; x_wconf 89' lang='lat' dir='ltr'><strong>libri</strong></span> <span class='ocrx_word' id='word_1_193' title='bbox 731 1579 912 1629; x_wconf 86' lang='lat' dir='ltr'><strong>partibus</strong></span> <span class='ocrx_word' id='word_1_194' title='bbox 942 1591 1137 1617; x_wconf 86' lang='lat' dir='ltr'><strong>summum</strong></span> <span class='ocrx_word' id='word_1_195' title='bbox 1170 1578 1382 1630; x_wconf 77' lang='lat' dir='ltr'><strong>scriptoris</strong></span> 
     </span>
     <span class='ocr_line' id='line_1_26' title="bbox 43 1634 1384 1688; baseline 0.001 -14"><span class='ocrx_word' id='word_1_196' title='bbox 43 1634 255 1674; x_wconf 81' lang='lat' dir='ltr'><strong>consilium</strong></span> <span class='ocrx_word' id='word_1_197' title='bbox 285 1636 396 1673; x_wconf 85' lang='lat' dir='ltr'><strong>cerni</strong></span> <span class='ocrx_word' id='word_1_198' title='bbox 427 1635 643 1673; x_wconf 83' lang='lat' dir='ltr'><strong>arbitratus</strong></span> <span class='ocrx_word' id='word_1_199' title='bbox 674 1640 750 1677; x_wconf 87' lang='lat' dir='ltr'><strong>est.</strong></span> <span class='ocrx_word' id='word_1_200' title='bbox 809 1635 936 1688; x_wconf 82' lang='lat' dir='ltr'><strong>Igitur</strong></span> <span class='ocrx_word' id='word_1_201' title='bbox 963 1635 1064 1674; x_wconf 81' lang='lat' dir='ltr'><strong>haec</strong></span> <span class='ocrx_word' id='word_1_202' title='bbox 1093 1636 1171 1674; x_wconf 89' lang='lat' dir='ltr'><strong>tria</strong></span> <span class='ocrx_word' id='word_1_203' title='bbox 1191 1636 1384 1688; x_wconf 82' lang='lat' dir='ltr'><strong>singulari</strong></span> 
     </span>
     <span class='ocr_line' id='line_1_27' title="bbox 43 1691 1386 1744; baseline 0.001 -13"><span class='ocrx_word' id='word_1_204' title='bbox 43 1705 90 1731; x_wconf 92' lang='lat' dir='ltr'><strong>ac</strong></span> <span class='ocrx_word' id='word_1_205' title='bbox 114 1704 244 1743; x_wconf 37' lang='lat' dir='ltr'><strong>,prope</strong></span> <span class='ocrx_word' id='word_1_206' title='bbox 272 1691 399 1730; x_wconf 75' lang='lat' dir='ltr'><strong>diviua</strong></span> <span class='ocrx_word' id='word_1_207' title='bbox 427 1697 514 1730; x_wconf 87' lang='lat' dir='ltr'><strong>arte</strong></span> <span class='ocrx_word' id='word_1_208' title='bbox 543 1706 565 1730; x_wconf 88' lang='lat' dir='ltr'><strong>a</strong></span> <span class='ocrx_word' id='word_1_209' title='bbox 593 1692 834 1744; x_wconf 88' lang='lat' dir='ltr'><strong>philosopho</strong></span> <span class='ocrx_word' id='word_1_210' title='bbox 872 1694 979 1732; x_wconf 90' lang='lat' dir='ltr'><strong>inter</strong></span> <span class='ocrx_word' id='word_1_211' title='bbox 1008 1706 1054 1731; x_wconf 91' lang='lat' dir='ltr'><strong>se</strong></span> <span class='ocrx_word' id='word_1_212' title='bbox 1082 1695 1292 1732; x_wconf 81' lang='lat' dir='ltr'><strong>coniuncta</strong></span> <span class='ocrx_word' id='word_1_213' title='bbox 1320 1694 1386 1732; x_wconf 77' lang='lat' dir='ltr'><strong>vi-</strong></span> 
     </span>
     <span class='ocr_line' id='line_1_28' title="bbox 45 1749 1385 1803; baseline 0.001 -15"><span class='ocrx_word' id='word_1_214' title='bbox 45 1749 210 1795; x_wconf 89' lang='lat' dir='ltr'><strong>demus,</strong></span> <span class='ocrx_word' id='word_1_215' title='bbox 243 1753 286 1786; x_wconf 91' lang='lat' dir='ltr'><strong>ut</strong></span> <span class='ocrx_word' id='word_1_216' title='bbox 315 1755 358 1788; x_wconf 87' lang='lat' dir='ltr'><strong>et</strong></span> <span class='ocrx_word' id='word_1_217' title='bbox 386 1749 465 1787; x_wconf 87' lang='lat' dir='ltr'><strong>loci</strong></span> <span class='ocrx_word' id='word_1_218' title='bbox 497 1749 654 1799; x_wconf 90' lang='lat' dir='ltr'><strong>quidam</strong></span> <span class='ocrx_word' id='word_1_219' title='bbox 685 1750 892 1789; x_wconf 86' lang='lat' dir='ltr'><strong>doctrinae</strong></span> <span class='ocrx_word' id='word_1_220' title='bbox 910 1750 1155 1791; x_wconf 66' lang='lat' dir='ltr'><strong>Socraticae</strong></span> <span class='ocrx_word' id='word_1_221' title='bbox 1183 1751 1385 1803; x_wconf 83' lang='lat' dir='ltr'><strong>attingan-</strong></span> 
     </span>
     <span class='ocr_line' id='line_1_29' title="bbox 46 1806 1385 1858; baseline 0.001 -12"><span class='ocrx_word' id='word_1_222' title='bbox 46 1811 135 1854; x_wconf 81' lang='lat' dir='ltr'><strong>tur,</strong></span> <span class='ocrx_word' id='word_1_223' title='bbox 167 1810 209 1844; x_wconf 89' lang='lat' dir='ltr'><strong>et</strong></span> <span class='ocrx_word' id='word_1_224' title='bbox 236 1806 361 1857; x_wconf 85' lang='lat' dir='ltr'><strong>ipsius</strong></span> <span class='ocrx_word' id='word_1_225' title='bbox 391 1806 568 1845; x_wconf 88' lang='lat' dir='ltr'><strong>Socratis</strong></span> <span class='ocrx_word' id='word_1_226' title='bbox 597 1808 724 1846; x_wconf 73' lang='lat' dir='ltr'><strong>virtus</strong></span> <span class='ocrx_word' id='word_1_227' title='bbox 755 1809 804 1846; x_wconf 90' lang='lat' dir='ltr'><strong>ab</strong></span> <span class='ocrx_word' id='word_1_228' title='bbox 833 1809 1014 1846; x_wconf 88' lang='lat' dir='ltr'><strong>inanibus</strong></span> <span class='ocrx_word' id='word_1_229' title='bbox 1036 1808 1282 1858; x_wconf 86' lang='lat' dir='ltr'><strong>quorundam</strong></span> <span class='ocrx_word' id='word_1_230' title='bbox 1312 1821 1385 1847; x_wconf 90' lang='lat' dir='ltr'><strong>re-</strong></span> 
     </span>
     <span class='ocr_line' id='line_1_30' title="bbox 45 1863 1387 1915; baseline 0.003 -14"><span class='ocrx_word' id='word_1_231' title='bbox 45 1863 379 1915; x_wconf 79' lang='lat' dir='ltr'><strong>prehensionibus</strong></span> <span class='ocrx_word' id='word_1_232' title='bbox 416 1864 660 1912; x_wconf 72' lang='lat' dir='ltr'><strong>vindicetur,</strong></span> <span class='ocrx_word' id='word_1_233' title='bbox 701 1869 745 1904; x_wconf 90' lang='lat' dir='ltr'><strong>et</strong></span> <span class='ocrx_word' id='word_1_234' title='bbox 783 1866 886 1904; x_wconf 87' lang='lat' dir='ltr'><strong>ratio</strong></span> <span class='ocrx_word' id='word_1_235' title='bbox 926 1865 1152 1904; x_wconf 81' lang='lat' dir='ltr'><strong>disserendi</strong></span> <span class='ocrx_word' id='word_1_236' title='bbox 1180 1865 1387 1906; x_wconf 88' lang='lat' dir='ltr'><strong>Socratica</strong></span> 
     </span>
     <span class='ocr_line' id='line_1_31' title="bbox 47 1920 1388 1973; baseline 0.003 -14"><span class='ocrx_word' id='word_1_237' title='bbox 47 1920 256 1972; x_wconf 79' lang='lat' dir='ltr'><strong>eleganter</strong></span> <span class='ocrx_word' id='word_1_238' title='bbox 284 1920 554 1960; x_wconf 86' lang='lat' dir='ltr'><strong>adumbretur.</strong></span> <span class='ocrx_word' id='word_1_239' title='bbox 612 1922 856 1972; x_wconf 82' lang='lat' dir='ltr'><strong>Quamquam</strong></span> <span class='ocrx_word' id='word_1_240' title='bbox 897 1923 932 1961; x_wconf 91' lang='lat' dir='ltr'><strong>si</strong></span> <span class='ocrx_word' id='word_1_241' title='bbox 974 1935 1112 1961; x_wconf 78' lang='lat' dir='ltr'><strong>verum</strong></span> <span class='ocrx_word' id='word_1_242' title='bbox 1143 1924 1388 1973; x_wconf 84' lang='lat' dir='ltr'><strong>quaerimus,</strong></span> 
     </span>
     <span class='ocr_line' id='line_1_32' title="bbox 47 1977 1389 2028; baseline 0.003 -12"><span class='ocrx_word' id='word_1_243' title='bbox 47 1977 150 2016; x_wconf 89' lang='lat' dir='ltr'><strong>haec</strong></span> <span class='ocrx_word' id='word_1_244' title='bbox 179 1978 309 2016; x_wconf 86' lang='lat' dir='ltr'><strong>omnia</strong></span> <span class='ocrx_word' id='word_1_245' title='bbox 335 1977 508 2028; x_wconf 87' lang='lat' dir='ltr'><strong>denique</strong></span> <span class='ocrx_word' id='word_1_246' title='bbox 537 1991 598 2017; x_wconf 57' lang='lat' dir='ltr'><strong>eor</strong></span> <span class='ocrx_word' id='word_1_247' title='bbox 614 1979 808 2028; x_wconf 88' lang='lat' dir='ltr'><strong>redeunt,</strong></span> <span class='ocrx_word' id='word_1_248' title='bbox 845 1984 890 2019; x_wconf 90' lang='lat' dir='ltr'><strong>ut</strong></span> <span class='ocrx_word' id='word_1_249' title='bbox 918 1979 1126 2019; x_wconf 86' lang='lat' dir='ltr'><strong>doctrinae</strong></span> <span class='ocrx_word' id='word_1_250' title='bbox 1154 1980 1389 2020; x_wconf 84' lang='lat' dir='ltr'><strong>Socraticae</strong></span> 
     </span>
     <span class='ocr_line' id='line_1_33' title="bbox 50 2034 1388 2087; baseline 0.003 -13"><span class='ocrx_word' id='word_1_251' title='bbox 50 2035 300 2084; x_wconf 86' lang='lat' dir='ltr'><strong>maximeque</strong></span> <span class='ocrx_word' id='word_1_252' title='bbox 339 2034 573 2074; x_wconf 86' lang='lat' dir='ltr'><strong>dialecticae</strong></span> <span class='ocrx_word' id='word_1_253' title='bbox 617 2037 863 2087; x_wconf 85' lang='lat' dir='ltr'><strong>praestantia</strong></span> <span class='ocrx_word' id='word_1_254' title='bbox 909 2037 1159 2077; x_wconf 80' lang='lat' dir='ltr'><strong>ostendatur.</strong></span> <span class='ocrx_word' id='word_1_255' title='bbox 1232 2038 1388 2078; x_wconf 89' lang='lat' dir='ltr'><strong>Verum</strong></span> 
     </span>
     <span class='ocr_line' id='line_1_34' title="bbox 50 2090 1453 2146; baseline 0.001 -15"><span class='ocrx_word' id='word_1_256' title='bbox 50 2102 131 2131; x_wconf 86' lang='lat' dir='ltr'><strong>non</strong></span> <span class='ocrx_word' id='word_1_257' title='bbox 159 2091 258 2130; x_wconf 86' lang='lat' dir='ltr'><strong>satis</strong></span> <span class='ocrx_word' id='word_1_258' title='bbox 288 2091 367 2130; x_wconf 92' lang='lat' dir='ltr'><strong>hoc</strong></span> <span class='ocrx_word' id='word_1_259' title='bbox 403 2092 560 2132; x_wconf 87' lang='lat' dir='ltr'><strong>Platoni</strong></span> <span class='ocrx_word' id='word_1_260' title='bbox 587 2093 687 2141; x_wconf 84' lang='lat' dir='ltr'><strong>fnit,</strong></span> <span class='ocrx_word' id='word_1_261' title='bbox 729 2095 797 2144; x_wconf 90' lang='lat' dir='ltr'><strong>qui</strong></span> <span class='ocrx_word' id='word_1_262' title='bbox 824 2098 1038 2146; x_wconf 89' lang='lat' dir='ltr'><strong>praeterea</strong></span> <span class='ocrx_word' id='word_1_263' title='bbox 1068 2090 1190 2133; x_wconf 84' lang='lat' dir='ltr'><strong>etiam</strong></span> <span class='ocrx_word' id='word_1_264' title='bbox 1218 2096 1389 2135; x_wconf 79' lang='lat' dir='ltr'><strong>artificia</strong></span> <span class='ocrx_word' id='word_1_265' title='bbox 1450 2131 1453 2133; x_wconf 72' lang='grc'><em>,</em></span> 
     </span>
     <span class='ocr_line' id='line_1_35' title="bbox 49 2148 1388 2200; baseline 0.004 -14"><span class='ocrx_word' id='word_1_266' title='bbox 49 2148 147 2196; x_wconf 82' lang='lat' dir='ltr'><strong>illa,</strong></span> <span class='ocrx_word' id='word_1_267' title='bbox 177 2148 318 2197; x_wconf 88' lang='lat' dir='ltr'><strong>quibus</strong></span> <span class='ocrx_word' id='word_1_268' title='bbox 348 2149 554 2200; x_wconf 85' lang='lat' dir='ltr'><strong>sophistae</strong></span> <span class='ocrx_word' id='word_1_269' title='bbox 578 2151 764 2190; x_wconf 87' lang='lat' dir='ltr'><strong>solebant</strong></span> <span class='ocrx_word' id='word_1_270' title='bbox 800 2151 1043 2190; x_wconf 88' lang='lat' dir='ltr'><strong>audientium</strong></span> <span class='ocrx_word' id='word_1_271' title='bbox 1081 2154 1235 2191; x_wconf 88' lang='lat' dir='ltr'><strong>animos</strong></span> <span class='ocrx_word' id='word_1_272' title='bbox 1273 2153 1388 2192; x_wconf 88' lang='lat' dir='ltr'><strong>delu-</strong></span> 
     </span>
     <span class='ocr_line' id='line_1_36' title="bbox 52 2204 1390 2258; baseline 0.005 -16"><span class='ocrx_word' id='word_1_273' title='bbox 52 2204 150 2243; x_wconf 86' lang='lat' dir='ltr'><strong>dere</strong></span> <span class='ocrx_word' id='word_1_274' title='bbox 178 2204 422 2255; x_wconf 84' lang='lat' dir='ltr'><strong>delusosque</strong></span> <span class='ocrx_word' id='word_1_275' title='bbox 449 2220 590 2257; x_wconf 84' lang='lat' dir='ltr'><strong>rapere</strong></span> <span class='ocrx_word' id='word_1_276' title='bbox 619 2209 659 2247; x_wconf 91' lang='lat' dir='ltr'><strong>in</strong></span> <span class='ocrx_word' id='word_1_277' title='bbox 690 2209 751 2246; x_wconf 90' lang='lat' dir='ltr'><strong>sui</strong></span> <span class='ocrx_word' id='word_1_278' title='bbox 780 2209 1106 2258; x_wconf 89' lang='lat' dir='ltr'><strong>admirationem,</strong></span> <span class='ocrx_word' id='word_1_279' title='bbox 1131 2210 1188 2248; x_wconf 92' lang='lat' dir='ltr'><strong>ita</strong></span> <span class='ocrx_word' id='word_1_280' title='bbox 1218 2209 1390 2249; x_wconf 89' lang='lat' dir='ltr'><strong>demon-</strong></span> 
     </span>
     <span class='ocr_line' id='line_1_37' title="bbox 54 2265 1391 2318; baseline 0.005 -19"><span class='ocrx_word' id='word_1_281' title='bbox 54 2265 185 2300; x_wconf 79' lang='lat' dir='ltr'><strong>strare</strong></span> <span class='ocrx_word' id='word_1_282' title='bbox 223 2266 266 2300; x_wconf 90' lang='lat' dir='ltr'><strong>et</strong></span> <span class='ocrx_word' id='word_1_283' title='bbox 301 2275 543 2314; x_wconf 75' lang='lat' dir='ltr'><strong>exaggerare</strong></span> <span class='ocrx_word' id='word_1_284' title='bbox 581 2265 784 2313; x_wconf 75' lang='lat' dir='ltr'><strong>decrevit,</strong></span> <span class='ocrx_word' id='word_1_285' title='bbox 825 2270 871 2305; x_wconf 90' lang='lat' dir='ltr'><strong>ut</strong></span> <span class='ocrx_word' id='word_1_286' title='bbox 897 2268 1126 2306; x_wconf 88' lang='lat' dir='ltr'><strong>certissime</strong></span> <span class='ocrx_word' id='word_1_287' title='bbox 1163 2272 1391 2318; x_wconf 85' lang='lat' dir='ltr'><strong>appareret,</strong></span> 
     </span>
     <span class='ocr_line' id='line_1_38' title="bbox 55 2317 1392 2375; baseline 0.007 -20"><span class='ocrx_word' id='word_1_288' title='bbox 55 2318 148 2369; x_wconf 88' lang='lat' dir='ltr'><strong>quid</strong></span> <span class='ocrx_word' id='word_1_289' title='bbox 168 2317 219 2356; x_wconf 91' lang='lat' dir='ltr'><strong>de</strong></span> <span class='ocrx_word' id='word_1_290' title='bbox 238 2319 287 2357; x_wconf 90' lang='lat' dir='ltr'><strong>iis</strong></span> <span class='ocrx_word' id='word_1_291' title='bbox 308 2327 421 2358; x_wconf 82' lang='lat' dir='ltr'><strong>esset</strong></span> <span class='ocrx_word' id='word_1_292' title='bbox 439 2322 704 2361; x_wconf 87' lang='lat' dir='ltr'><strong>statuendum.</strong></span> <span class='ocrx_word' id='word_1_293' title='bbox 736 2324 847 2372; x_wconf 81' lang='lat' dir='ltr'><strong>Quae</strong></span> <span class='ocrx_word' id='word_1_294' title='bbox 867 2324 1027 2373; x_wconf 87' lang='lat' dir='ltr'><strong>quidem</strong></span> <span class='ocrx_word' id='word_1_295' title='bbox 1046 2325 1139 2363; x_wconf 87' lang='lat' dir='ltr'><strong>libri</strong></span> <span class='ocrx_word' id='word_1_296' title='bbox 1157 2338 1250 2375; x_wconf 90' lang='lat' dir='ltr'><strong>pars</strong></span> <span class='ocrx_word' id='word_1_297' title='bbox 1271 2326 1392 2364; x_wconf 87' lang='lat' dir='ltr'><strong>sicuti</strong></span> 
     </span>
     <span class='ocr_line' id='line_1_39' title="bbox 55 2376 1392 2432; baseline 0.006 -19"><span class='ocrx_word' id='word_1_298' title='bbox 55 2376 332 2426; x_wconf 86' lang='lat' dir='ltr'><strong>copiosissime</strong></span> <span class='ocrx_word' id='word_1_299' title='bbox 370 2382 559 2416; x_wconf 86' lang='lat' dir='ltr'><strong>exornata</strong></span> <span class='ocrx_word' id='word_1_300' title='bbox 598 2384 682 2428; x_wconf 90' lang='lat' dir='ltr'><strong>est,</strong></span> <span class='ocrx_word' id='word_1_301' title='bbox 721 2381 778 2418; x_wconf 90' lang='lat' dir='ltr'><strong>ita</strong></span> <span class='ocrx_word' id='word_1_302' title='bbox 806 2381 908 2419; x_wconf 88' lang='lat' dir='ltr'><strong>miro</strong></span> <span class='ocrx_word' id='word_1_303' title='bbox 938 2381 1124 2432; x_wconf 86' lang='lat' dir='ltr'><strong>splendet</strong></span> <span class='ocrx_word' id='word_1_304' title='bbox 1153 2382 1392 2421; x_wconf 84' lang='lat' dir='ltr'><strong>facetiarum</strong></span> 
     </span>
     <span class='ocr_line' id='line_1_40' title="bbox 54 2431 1391 2488; baseline 0.006 -18"><span class='ocrx_word' id='word_1_305' title='bbox 54 2431 218 2483; x_wconf 88' lang='lat' dir='ltr'><strong>lepore,</strong></span> <span class='ocrx_word' id='word_1_306' title='bbox 260 2445 338 2483; x_wconf 88' lang='lat' dir='ltr'><strong>quo</strong></span> <span class='ocrx_word' id='word_1_307' title='bbox 377 2438 560 2484; x_wconf 82' lang='lat' dir='ltr'><strong>tanquam</strong></span> <span class='ocrx_word' id='word_1_308' title='bbox 602 2437 686 2476; x_wconf 87' lang='lat' dir='ltr'><strong>sale</strong></span> <span class='ocrx_word' id='word_1_309' title='bbox 721 2450 937 2488; x_wconf 89' lang='lat' dir='ltr'><strong>perspersa</strong></span> <span class='ocrx_word' id='word_1_310' title='bbox 978 2443 1043 2477; x_wconf 89' lang='lat' dir='ltr'><strong>est</strong></span> <span class='ocrx_word' id='word_1_311' title='bbox 1086 2440 1214 2478; x_wconf 89' lang='lat' dir='ltr'><strong>omnis</strong></span> <span class='ocrx_word' id='word_1_312' title='bbox 1246 2441 1391 2482; x_wconf 85' lang='lat' dir='ltr'><strong>oratio.</strong></span> 
     </span>
     <span class='ocr_line' id='line_1_41' title="bbox 55 2488 1393 2546; baseline 0.007 -19"><span class='ocrx_word' id='word_1_313' title='bbox 55 2488 219 2528; x_wconf 88' lang='lat' dir='ltr'><strong>Etenim</strong></span> <span class='ocrx_word' id='word_1_314' title='bbox 255 2502 333 2529; x_wconf 90' lang='lat' dir='ltr'><strong>non</strong></span> <span class='ocrx_word' id='word_1_315' title='bbox 371 2492 500 2530; x_wconf 90' lang='lat' dir='ltr'><strong>solum</strong></span> <span class='ocrx_word' id='word_1_316' title='bbox 538 2494 672 2536; x_wconf 81' lang='lat' dir='ltr'><strong>rabies</strong></span> <span class='ocrx_word' id='word_1_317' title='bbox 709 2495 788 2533; x_wconf 87' lang='lat' dir='ltr'><strong>ista</strong></span> <span class='ocrx_word' id='word_1_318' title='bbox 817 2495 1063 2545; x_wconf 82' lang='lat' dir='ltr'><strong>disputandi,</strong></span> <span class='ocrx_word' id='word_1_319' title='bbox 1102 2509 1178 2546; x_wconf 88' lang='lat' dir='ltr'><strong>qua</strong></span> <span class='ocrx_word' id='word_1_320' title='bbox 1206 2496 1393 2536; x_wconf 84' lang='lat' dir='ltr'><strong>homines</strong></span> 
     </span>
     <span class='ocr_line' id='line_1_42' title="bbox 54 2546 1394 2603; baseline 0.007 -20"><span class='ocrx_word' id='word_1_321' title='bbox 54 2546 235 2597; x_wconf 75' lang='lat' dir='ltr'><strong>¹correpti</strong></span> <span class='ocrx_word' id='word_1_322' title='bbox 275 2553 413 2596; x_wconf 87' lang='lat' dir='ltr'><strong>erant,</strong></span> <span class='ocrx_word' id='word_1_323' title='bbox 463 2550 704 2591; x_wconf 75' lang='lat' dir='ltr'><strong>suavissimis</strong></span> <span class='ocrx_word' id='word_1_324' title='bbox 748 2552 978 2603; x_wconf 76' lang='lat' dir='ltr'><strong>depingitur</strong></span> <span class='ocrx_word' id='word_1_325' title='bbox 1034 2553 1261 2603; x_wconf 81' lang='lat' dir='ltr'><strong>coloribus,</strong></span> <span class='ocrx_word' id='word_1_326' title='bbox 1320 2555 1394 2593; x_wconf 86' lang='lat' dir='ltr'><strong>sed</strong></span> 
     </span>
     <span class='ocr_line' id='line_1_43' title="bbox 56 2604 1394 2661; baseline 0.007 -21"><span class='ocrx_word' id='word_1_327' title='bbox 56 2604 176 2641; x_wconf 81' lang='lat' dir='ltr'><strong>etiam</strong></span> <span class='ocrx_word' id='word_1_328' title='bbox 207 2605 350 2654; x_wconf 85' lang='lat' dir='ltr'><strong>passim</strong></span> <span class='ocrx_word' id='word_1_329' title='bbox 383 2607 421 2644; x_wconf 87' lang='lat' dir='ltr'><strong>in</strong></span> <span class='ocrx_word' id='word_1_330' title='bbox 449 2619 520 2646; x_wconf 86' lang='lat' dir='ltr'><strong>cos</strong></span> <span class='ocrx_word' id='word_1_331' title='bbox 550 2607 657 2646; x_wconf 89' lang='lat' dir='ltr'><strong>dicta</strong></span> <span class='ocrx_word' id='word_1_332' title='bbox 684 2609 874 2647; x_wconf 85' lang='lat' dir='ltr'><strong>iocularia</strong></span> <span class='ocrx_word' id='word_1_333' title='bbox 903 2611 1193 2658; x_wconf 84' lang='lat' dir='ltr'><strong>coniiciuntur,</strong></span> <span class='ocrx_word' id='word_1_334' title='bbox 1214 2616 1269 2661; x_wconf 13' lang='lat' dir='ltr'><strong>*ut</strong></span> <span class='ocrx_word' id='word_1_335' title='bbox 1297 2624 1394 2650; x_wconf 75' lang='lat' dir='ltr'><strong>vere</strong></span> 
     </span>
     <span class='ocr_line' id='line_1_44' title="bbox 0 2660 1392 2723; baseline 0.007 -26"><span class='ocrx_word' id='word_1_336' title='bbox 0 2688 2 2690; x_wconf 87' lang='lat'>-</span> <span class='ocrx_word' id='word_1_337' title='bbox 57 2660 435 2718; x_wconf 48' lang='lat' dir='ltr'><strong>liceat*affirmarev</strong></span> <span class='ocrx_word' id='word_1_338' title='bbox 454 2676 528 2715; x_wconf 86' lang='lat' dir='ltr'><strong>per</strong></span> <span class='ocrx_word' id='word_1_339' title='bbox 565 2664 666 2703; x_wconf 84' lang='lat' dir='ltr'><strong>hanc</strong></span> <span class='ocrx_word' id='word_1_340' title='bbox 704 2667 900 2723; x_wconf 63' lang='lat' dir='ltr'><strong>sermonis</strong></span> <span class='ocrx_word' id='word_1_341' title='bbox 937 2671 1092 2718; x_wconf 89' lang='lat' dir='ltr'><strong>partem</strong></span> <span class='ocrx_word' id='word_1_342' title='bbox 1132 2670 1262 2707; x_wconf 83' lang='lat' dir='ltr'><strong>omnia</strong></span> <span class='ocrx_word' id='word_1_343' title='bbox 1300 2668 1392 2711; x_wconf 86' lang='lat' dir='ltr'><strong>fere</strong></span> 
     </span>
     <span class='ocr_line' id='line_1_45' title="bbox 53 2717 1394 2777; baseline 0.007 -22"><span class='ocrx_word' id='word_1_344' title='bbox 53 2717 245 2758; x_wconf 85' lang='lat' dir='ltr'><strong>comicam</strong></span> <span class='ocrx_word' id='word_1_345' title='bbox 276 2720 434 2770; x_wconf 77' lang='lat' dir='ltr'><strong>spirare</strong></span> <span class='ocrx_word' id='word_1_346' title='bbox 460 2721 718 2763; x_wconf 77' lang='lat' dir='ltr'><strong>hilaritatem.</strong></span> <span class='ocrx_word' id='word_1_347' title='bbox 774 2724 932 2776; x_wconf 86' lang='lat' dir='ltr'><strong>Nempe</strong></span> <span class='ocrx_word' id='word_1_348' title='bbox 962 2730 1127 2766; x_wconf 86' lang='lat' dir='ltr'><strong>secutus</strong></span> <span class='ocrx_word' id='word_1_349' title='bbox 1157 2730 1224 2766; x_wconf 81' lang='lat' dir='ltr'><strong>est</strong></span> <span class='ocrx_word' id='word_1_350' title='bbox 1252 2725 1394 2777; x_wconf 87' lang='lat' dir='ltr'><strong>philo-</strong></span> 
     </span>
    </p>
   </div>
  </div>
 </body>
</html>
