1624 2904
236 191 294 250 as
696 187 1100 243 msrUTA'rio

239 304 320 350 est,
349 312 398 340 an
425 300 542 341 etiam
571 298 771 343 aliorum?
825 301 947 341 Aiunt
974 301 1045 341 illi.
1101 300 1160 340 Ex
1190 314 1264 353 qna
1291 300 1554 352 responsione

239 359 318 397 iam
362 357 583 409 Ctesippus
637 357 820 409 captiose
873 358 1026 408 coliigit
1074 359 1192 398 istum
1261 370 1352 396 esse
1401 362 1555 407 patrem

241 412 436 461 omnium,
473 412 667 464 simulque
694 413 893 454 concludit
921 414 1095 452 futurum
1124 415 1181 452 ita
1211 426 1326 460 esse,
1363 418 1408 451 ut
1439 414 1556 450 etiam

241 473 370 510 mater
414 469 681 520 sophistarum
728 481 806 508 non
842 469 959 508 modo
1001 471 1171 509 omnium
1216 470 1438 515 hominum,
1487 466 1558 505 sed

242 525 362 564 etiam
397 525 625 576 gobiorum,
665 525 907 573 catuiorum,
948 526 1244 577 porcellornm,
1280 525 1444 563 aliorum
1475 524 1558 561 ani-

241 579 424 628 mulium,
459 592 603 631 parens
631 580 835 621 iudicanda
864 583 930 620 sit.
988 581 1196 620 Enimvero
1226 582 1317 618 huic
1347 592 1559 629 argumen-

243 635 388 676 tationi
413 635 472 674 illi
504 636 596 675 ideo
625 648 702 676 non
718 640 887 688 possunt
915 637 1127 684 adversari,
1157 638 1245 687 quia
1273 637 1444 686 alioquin
1463 635 1559 673 Cte-

243 691 383 743 sippus
419 693 554 732 statim
593 693 705 744 ipsos
746 704 902 742 quoque
930 697 1055 731 matre
1086 696 1127 730 et
1154 697 1268 743 patre
1298 704 1434 730 carere
1462 690 1561 730 con-
1614 735 1619 738 ⁴

244 747 427 787 clusura·
456 753 534 788 est.
591 748 650 788 lta
682 748 804 798 igitur
831 749 1051 788 iactabundi
1079 748 1354 799 disputatores
1378 759 1452 785 non
1483 748 1560 784 iam

245 814 268 842 a
297 801 482 851 Socrate,
513 802 584 842 sed
612 804 661 842 ab
689 803 986 843 adolescentulo
1014 805 1076 842 vix
1105 816 1241 843 eorum
1272 804 1393 841 sacris
1428 804 1559 840 initia-

243 863 288 898 to
323 859 405 899 suis
445 860 623 910 ipsorum
669 860 820 909 laqueis
849 860 996 898 irretiti
1024 859 1281 899 vehementer
1309 858 1561 906 deluduntur,

242 915 424 967 iacetque
459 914 664 953 decretum
703 915 826 962 illud,
863 927 910 953 ex
940 927 1016 965 quo
1047 929 1165 954 unum
1193 915 1375 965 idemque
1405 914 1562 964 praedi-

244 974 375 1009 catum
396 970 575 1022 pluribus
604 971 780 1009 tribuere
808 971 1030 1010 hominibus
1060 984 1138 1012 non
1157 972 1279 1011 licere
1299 971 1447 1022 vulgari
1478 970 1561 1008 eri-

245 1026 437 1066 sticorum
466 1038 604 1067 errore
634 1027 893 1066 statuebatur.

359 1125 630 1167 Veruntamen
659 1127 725 1165 hic
762 1125 1081 1178 Dionysodorus,
1119 1139 1171 1166 ne
1208 1126 1320 1164 ambo
1359 1125 1563 1164 videantur

246 1180 545 1224 adolescentulo
576 1196 732 1230 manus,
763 1183 866 1233 qnod
894 1184 1014 1230 aiunt,
1044 1183 1215 1229 dedisse,
1247 1186 1436 1233 protenus
1466 1183 1562 1220 alias

248 1238 398 1289 promit
427 1240 613 1289 argutias.
669 1239 951 1278 Demonstrare
971 1240 1074 1277 enim
1101 1243 1276 1286 conatur,
1305 1251 1440 1276 canem
1471 1250 1563 1276 esse

250 1294 444 1344 Ctesippo
475 1299 641 1344 patrem.
699 1295 799 1333 Sunt
830 1296 925 1341 tibi,
959 1296 1096 1347 inquit,
1127 1294 1267 1341 catuli,
1298 1306 1460 1344 quorum
1493 1307 1562 1344 pa-

251 1354 315 1388 ter
343 1355 408 1387 est
435 1351 563 1396 canis;
593 1362 690 1402 ergo
722 1351 792 1388 tibi
822 1351 927 1389 canis
956 1356 1072 1401 pater
1099 1355 1183 1397 est,
1211 1354 1334 1400 tuque
1363 1362 1406 1387 es
1435 1350 1563 1387 frater

250 1405 484 1444 catulorum.
541 1407 651 1455 Quae
679 1407 966 1457 argumentatio
987 1407 1105 1445 sicuti
1126 1406 1321 1444 vindictae
1350 1406 1563 1444 sumendae

250 1461 377 1511 gratia
404 1461 512 1500 illata
551 1466 636 1509 est,
673 1462 728 1500 ita
765 1463 868 1500 unde
896 1462 1013 1500 ducat
1043 1463 1258 1512 originem,
1293 1461 1412 1499 facile
1441 1461 1562 1499 intel·
1620 1499 1624 1508 4

249 1516 399 1566 ligitur.
454 1517 637 1570 Apparet
685 1517 786 1555 enim
833 1530 917 1555 eam
969 1530 1017 1556 ex
1062 1518 1316 1567 ambiguitate
1352 1518 1562 1555 verborum

249 1572 350 1612 tibi
383 1583 498 1611 esse
536 1577 655 1624 atque
692 1577 742 1611 tu
759 1585 831 1612 um
872 1585 988 1613 esse
1024 1573 1130 1612 oriri.
1194 1572 1316 1611 Addit
1353 1578 1563 1623 praeterea

249 1627 433 1678 sophista
460 1627 694 1679 Ctesippum
723 1629 773 1666 ob
803 1641 889 1667 eam
918 1630 1044 1679 ipsam
1077 1641 1230 1666 causam
1261 1640 1393 1666 canem
1423 1629 1563 1666 verbe·

249 1684 360 1724 ribus
399 1683 641 1723 afficientem
685 1689 836 1735 patrem
872 1697 983 1723 sunm
1013 1686 1224 1723 verberare
1253 1684 1414 1722 indicari
1444 1697 1563 1734 opor-

225 1744 353 1780 ·tere.
411 1740 520 1789 Quae
537 1740 853 1779 conclusiuncula
872 1740 1045 1778 fortasse
1063 1741 1298 1790 interposita
1329 1746 1391 1778 est
1420 1753 1442 1777 a
1470 1740 1564 1778 Pla-

250 1799 346 1835 tone
383 1795 431 1833 ad
466 1796 649 1834 ridendos
690 1808 780 1844 eos,
806 1798 885 1848 'qui
914 1797 1073 1834 iuvenes
1102 1797 1332 1836 dictitarent
1359 1797 1397 1834 in
1427 1793 1564 1846 sophi-

252 1858 402 1892 starum
444 1852 593 1891 scholis
635 1853 751 1891 etiam
791 1865 839 1890 eo
868 1852 1029 1899 adduci,
1064 1857 1108 1891 ut
1136 1856 1324 1903 parentes
1354 1864 1446 1890 snos
1475 1864 1564 1890 ver-

251 1907 412 1947 beribus
442 1908 673 1948 afficerent.
742 1907 971 1947 Cuiusmodi
1009 1909 1220 1959 opprobria
1262 1910 1379 1946 etiam
1409 1907 1565 1946 Socrati

249 1963 377 2002 fuisse
406 1964 561 2002 obiecta
590 1967 702 2014 patet
730 1976 777 2002 ex
805 1964 1168 2016 Xenophontis
1197 1964 1319 2003 Mem.
1359 1965 1387 2003 1.
1417 1965 1466 2011 2,
1495 1964 1563 2002 49.

250 2019 385 2070 Atque
425 2023 502 2058 tam
542 2020 684 2070 impius
721 2020 811 2058 ideo
838 2021 940 2071 apud
969 2017 1274 2070 Aristophanem
1306 2020 1563 2071 Phidippides

250 2075 426 2126 fingitur.
483 2075 604 2114 Certe
633 2076 788 2126 quidem
816 2089 892 2115 non
919 2083 981 2115 est
1008 2077 1219 2114 verisimile
1243 2090 1326 2115 eam
1343 2079 1426 2114 sine
1455 2080 1565 2113 certa

252 2131 380 2180 aliqua
410 2144 524 2169 cansa
553 2133 784 2179 memorari,
815 2146 931 2183 quum
960 2133 1112 2182 reliqua
1139 2132 1229 2170 fere
1260 2133 1386 2170 omnia
1415 2132 1572 2177 habere,

250 2186 478 2234 videantur,
515 2199 700 2237 quorsum
734 2188 879 2227 referri
915 2189 1095 2228 debeant.
1153 2187 1231 2226 Iam
1270 2200 1362 2226 vero
1403 2188 1564 2238 Ctesip-

251 2254 347 2293 pus,
375 2243 454 2281 isto
483 2243 600 2281 modo
630 2245 805 2294 graviter
835 2245 1058 2291 lacessitus,
1087 2246 1245 2295 reponit
1273 2244 1390 2282 malle
1420 2257 1464 2281 se
1495 2257 1564 2294 pa-

251 2303 356 2337 trem
385 2298 653 2349 sophistarum
682 2299 876 2349 plectere,
905 2301 971 2351 qui
997 2300 1102 2337 filios
1135 2301 1232 2338 adeo
1264 2301 1462 2349 sapientes
1493 2311 1564 2350 ge-

252 2354 405 2400 nnerit,
439 2367 460 2392 a
498 2355 636 2404 quibus
674 2357 761 2405 ipse
798 2368 846 2394 eo
886 2357 1038 2395 honore
1075 2356 1127 2395 sit
1163 2361 1378 2404 mactatus„
1417 2358 1564 2395 utiam

251 2410 471 2449 catulorum
499 2410 628 2450 frater
654 2411 849 2451 habeatur
876 2410 933 2469 *).

360 2503 627 2552 Acerbis'sima
655 2524 743 2552 cum
771 2513 955 2553 irrisione
987 2512 1202 2566 Ctesippus
1232 2522 1333 2553 nunc
1360 2510 1437 2550 hoc
1468 2522 1564 2563 quo-

301 2704 336 2746 ‘)
365 2707 480 2746 Usque
503 2708 544 2739 ad
570 2718 601 2749 p.
625 2710 702 2741 299.
725 2710 766 2741 Α.
