1624 2904
516 175 588 219 ΑΒ
616 171 915 220 ΜΕΝΟΝΕΜ.
1337 146 1416 213 1τῷ

54 306 149 334 rere
184 290 365 346 poteris,
409 287 518 342 quod
555 292 598 329 te
633 289 822 342 ignorare
858 287 1102 328 confiteris?
1142 291 1187 329 et
1223 288 1259 329 si
1294 287 1396 328 illud

54 352 166 391 forte
193 347 416 396 inveneris,
451 346 652 398 quomodo
681 346 887 398 intelliges
914 344 955 384 id
994 346 1095 384 illud
1129 347 1262 398 ipsum
1288 358 1399 401 esse,

55 408 163 460 quod
201 404 449 458 quaeratur?
515 403 706 456 captioso
739 405 862 456 igitur
898 415 1002 441 nunc
1043 403 1275 443 dilemmate
1309 407 1398 443 sta-

56 466 134 505 tuit
160 477 236 505 nec
266 463 334 513 id,
363 461 472 511 quod
497 461 721 512 ignoretur,
750 462 792 501 in
811 461 1086 512 quaestionem
1109 463 1243 500 vocari
1260 473 1400 513 posse,

53 535 129 562 nec
158 522 210 561 de
240 533 314 568 eo,
342 518 449 570 quod
478 519 681 570 cognitum
711 516 1041 569 exploratumque
1070 518 1291 567 habeatur,
1331 530 1400 558 so-

55 580 143 619 lere
172 578 310 630 quaeri
345 589 392 615 ac
421 575 662 629 disceptari,
699 577 886 628 quoniam
913 576 970 615 ita
1001 575 1156 615 frustra
1185 588 1400 616 consume-

50 641 166 677 retur
194 647 319 688 opera
344 630 402 686 *).

166 693 257 733 Hae
288 702 396 744 ‚vero
442 692 625 744 argutiae
681 690 843 730 Socrati
901 690 1152 731 commodam
1201 690 1400 742 praebent

54 751 392 803 opportunitatem
431 760 520 788 eam
549 749 799 802 significandi
836 750 1057 798 rationem,
1096 761 1173 798 qua
1201 747 1252 787 ad
1279 759 1401 787 verae

56 808 250 849 scientiae
286 806 588 858 possessionem
627 806 827 858 perveniri
876 807 1021 858 possit.
1089 805 1260 857 Repetit
1294 807 1401 846 enim

53 865 262 907 scientiam
291 876 316 902 e
343 862 423 902 vita
461 863 682 903 animorum
720 867 923 913 anteacta,
963 864 1004 903 in
1033 875 1111 914 qua
1139 863 1218 915 ipsi
1244 863 1401 903 hause-

53 924 136 964 rint
162 921 344 962 veritatis
373 921 582 970 notitiam,
619 921 795 971 ideoque
823 921 932 960 illam
962 921 1048 960 vult
1075 921 1134 960 ita
1162 920 1401 973 comparari,

55 985 102 1020 nt
128 981 169 1020 iu
197 978 430 1020 memoriam
449 978 663 1018 redeamus
692 990 846 1027 eorum,
878 990 981 1030 quae
1007 979 1086 1018 iam
1117 978 1212 1017 olim
1243 990 1400 1030 cogno-

53 1039 240 1079 verimus.
294 1035 359 1076 Ex
394 1046 474 1086 quo
512 1035 718 1075 concludit
766 1036 898 1075 datam
939 1048 1033 1075 esse
1074 1035 1228 1075 homini
1256 1038 1399 1086 utique

52 1093 140 1136 veri
176 1092 448 1146 cognoscendi
493 1092 805 1145 reperiendique
850 1093 1100 1133 facultatem.
1167 1093 1226 1133 Et
1274 1094 1397 1136 vitam

51 1152 213 1205 quidem
249 1150 471 1190 animorum
510 1151 763 1202 superiorem
800 1150 900 1190 licet
931 1163 1010 1190 non
1046 1150 1229 1190 illustret
1270 1151 1400 1190 subti-

53 1210 147 1259 lius,
178 1207 286 1260 quod
312 1207 467 1246 factum
505 1208 546 1246 in
574 1207 793 1249 Phaedone
822 1212 866 1247 et
893 1207 1081 1247 Phaedro
1111 1213 1202 1256 est,
1244 1208 1320 1247 sed
1348 1207 1400 1247 ad

51 1267 257 1319 vulgarem
286 1264 482 1304 rationem
513 1264 830 1317 interpretetur,
870 1277 986 1316 quam
1021 1268 1134 1304 vates
1175 1277 1223 1303 ac
1251 1269 1402 1318 poetae

51 1323 325 1375 sequebantur
352 1318 440 1374 **);
477 1325 611 1361 tamen
650 1335 741 1362 rem
778 1320 948 1362 M'enoni
995 1322 1118 1362 facile
1166 1323 1402 1374 persuadet.

50 1382 218 1422 Animus
244 1378 466 1427 humanus,
494 1379 647 1430 inquit,
676 1380 756 1420 iam
786 1380 997 1431 superiore
1034 1383 1221 1431 tempore
1258 1381 1401 1433 viguit,

51 1451 99 1479 ac
127 1449 197 1479 res
227 1447 390 1485 omnes,
418 1435 572 1475 inferas
603 1449 784 1488 superas,
813 1437 1019 1489 paullatim
1047 1436 1146 1476 vidit
1175 1441 1220 1477 et
1248 1447 1400 1490 cogno-

52 1496 122 1539 vit.
176 1493 296 1534 Unde
335 1493 409 1541 fit,
440 1496 486 1532 ut
514 1495 748 1536 memoriam
779 1507 914 1533 earum
945 1496 1171 1534 instaurare
1199 1499 1321 1546 atque
1348 1494 1402 1535 ad

51 1553 233 1593 veritatis
262 1550 533 1603 cognitionem
562 1553 775 1603 pervenire
803 1553 1006 1603 possimus
1036 1550 1138 1603 ***).

162 1621 275 1671 Quae
302 1620 610 1671 argumentatio,
642 1620 679 1659 si
707 1632 798 1660 cum
835 1619 1106 1671 disputatione
1134 1620 1176 1659 in
1206 1620 1399 1662 Phaedro

34 1675 352 1733 ,etNPljaedone
391 1675 443 1715 de
485 1677 625 1716 eadem
656 1690 704 1716 re
741 1678 926 1716 instituta
965 1683 1241 1728 comparatur,
1281 1692 1400 1719 sane-

52 1747 167 1786 quam
197 1733 389 1775 mirabilis
421 1736 465 1772 et
498 1734 548 1773 ab
577 1735 703 1785 ipsius
732 1733 913 1774 Platonis
952 1735 1153 1774 sententia
1182 1736 1311 1775 aliena
1339 1738 1399 1776 vi-

52 1793 196 1832 deatur
230 1803 403 1831 necesse
438 1795 515 1833 est.
573 1792 716 1842 Neque
756 1792 862 1832 enim
900 1791 969 1831 hic
1004 1793 1184 1832 idearum
1222 1794 1400 1834 iniicitur

52 1849 231 1897 mentio,
268 1848 344 1888 sed
385 1848 528 1897 exinde
565 1852 718 1888 tantum
757 1850 871 1901 origo
912 1849 1108 1888 humanae
1154 1852 1399 1904 cognitionis

56 1906 275 1958 repetitur,
305 1905 410 1956 quod
439 1906 605 1945 animus*
623 1906 717 1945 olim
748 1919 795 1946 ea
827 1908 982 1955 omnia,
1014 1919 1116 1958 quae
1144 1909 1185 1948 in
1212 1914 1326 1948 terra
1355 1913 1401 1949 et

52 1965 93 2003 in
121 1962 229 2002 Orco
258 1962 351 2011 sint,
378 1961 626 2014 pedetentim
655 1965 912 2014 spectaverit.
969 1965 1025 2004 At
1055 1965 1158 2004 enim
1187 1978 1286 2006 vero
1315 1966 1401 2007 dis-

52 2024 218 2074 putator
245 2019 333 2071 ipse
369 2018 591 2075 prudenter
624 2021 850 2072 significat,
888 2033 989 2071 quos
1019 2021 1139 2062 huius
1170 2025 1397 2064 sententiae

53 2082 241 2118 auctores
279 2079 495 2127 sequatur,
535 2081 582 2117 nt
619 2077 764 2118 callide
805 2090 917 2118 suam
945 2079 1071 2130 ipsius
1101 2082 1299 2120 rationem
1329 2090 1400 2121 oc-'

54 2135 210 2175 cultare
239 2132 523 2174 existimandus
557 2135 633 2184 sit,
671 2146 750 2185 quo
789 2136 916 2188 magis
955 2135 1098 2174 illudat
1126 2138 1402 2189 sophistarum

55 2193 268 2232 alumnum.
336 2191 375 2231 Is
415 2191 519 2229 enim
557 2192 622 2231 vel
661 2194 862 2232 crassiore
898 2194 978 2231 ista
1016 2198 1139 2243 atque
1182 2193 1396 2248 pinguiore

55 2251 173 2289 animi
203 2261 339 2288 rerum
367 2249 671 2288 universitatem
709 2251 955 2302 permeantis
984 2251 1140 2301 pictura
1169 2252 1292 2292 facile
1322 2254 1399 2294 sibi

58 2306 293 2358 persuaderi
322 2305 488 2358 patitur,
517 2310 563 2344 ut
582 2305 741 2346 Socrati
770 2309 855 2347 veri
885 2309 1156 2358 cognitionem
1188 2315 1230 2349 et
1261 2311 1398 2350 scien-

58 2365 153 2403 tiam
192 2364 323 2402 locum
361 2362 514 2401 habere
550 2362 769 2404 affirmanti
814 2364 1113 2406 concedendum
1161 2368 1398 2408 arbitretur.

58 2421 174 2472 Quod
211 2421 334 2474 igitur
370 2419 464 2461 olim
505 2431 554 2459 ex
594 2433 644 2460 eo
682 2422 773 2463 loco
809 2422 1066 2476 collegimus,
1105 2424 1252 2466 librum
1289 2426 1398 2466 hunc

211 2540 320 2550 *-

150 2619 187 2659 ·)
212 2621 248 2653 r.
275 2623 328 2652 το.
353 2622 394 2654 Ε.
421 2638 463 2646 -
489 2624 543 2657 81.
570 2625 611 2655 Α.

105 2687 164 2730 Μ)
191 2690 229 2720 v.
254 2689 295 2719 aa
319 2699 353 2730 p.
378 2692 433 2722 81.
456 2693 496 2723 Α.

82 2756 160 2799 w)
186 2757 226 2790 ι’.
252 2758 307 2790 ει.
329 2760 370 2791 A.
393 2774 437 2782 —
462 2762 519 2792 aa.
545 2762 584 2792 c.
