1624 2904
276 149 361 189 148
444 143 855 187 monne-omnm
884 142 936 184 m
965 135 1441 191 EUTHYPHRONEM.

282 259 486 299 mentariis
535 257 749 296 illustravit
794 254 845 296 G.
896 255 1292 296 Stallbaumius.
1347 264 1604 300 accesserunt

282 312 446 355 scholia'
473 313 626 352 Graeca
670 326 718 351 ex
763 312 902 349 codice
939 312 1052 353 Bodl.
1091 318 1218 354 aucta.
1255 313 1436 365 Lipsiae,
1476 316 1598 355 1823.

281 373 321 412 8.
351 372 443 409 min.
508 369 550 408 In
598 368 892 420 prolegomenis
931 369 1149 407 studuimus
1190 370 1282 407 libri
1321 372 1597 411 auctoritatem

282 431 401 477 atque
442 425 562 464 fidem
596 439 618 463 a
646 426 873 462 criticorum
901 425 1097 467 vindicare
1125 425 1441 474 dubitationibus,
1470 441 1514 466 ac
1544 429 1598 466 si-

285 484 364 522 mul
395 483 445 520 de
474 481 647 519 Platonis
677 486 763 518 arte
793 484 835 518 et
863 481 1015 518 ratione
1046 482 1312 530 exposuimus,
1341 483 1494 532 quaein
1513 485 1597 522 eius

286 539 453 589 dialogis
473 542 536 575 est
556 537 778 587 conspicua.
837 535 945 584 Quae
976 537 1102 574 omnia
1131 537 1170 574 in
1191 537 1265 574 hac
1286 537 1460 576 editione
1477 541 1598 578 omit-

285 595 404 633 tenda
442 593 682 643 putavimus,
722 592 761 629 in
803 603 878 641 qua
914 591 953 629 id
983 593 1114 642 potius
1144 593 1316 642 egimus,
1358 597 1403 632 ut
1432 593 1481 631 de
1510 595 1601 633 libri

287 655 540 701 argui'uento,
581 648 766 694 consilio,
818 648 1110 686 necessitudine
1156 661 1244 687 cum
1295 648 1380 688 aliis
1427 649 1601 689 Platonis

286 707 470 757 scriptis,
500 705 653 755 origine
682 704 852 753 denique
882 705 1124 752 accuratius,
1165 717 1278 755 quam
1308 709 1423 743 antea
1453 705 1601 745 factum

284 767 396 809 erat,
434 772 732 811 exponeremus.
800 759 840 796 ln
877 761 1166 798 commentariis
1203 764 1335 798 autem
1382 762 1601 805 scribendis

283 822 377 856 tunc
407 817 601 866 temporis
629 816 667 853 id
698 814 849 855 consilii
879 816 1006 852 secuti
1037 828 1192 862 sumus,
1232 820 1275 854 ut
1303 815 1479 856 Platonis
1508 831 1601 856 ver-

284 874 332 913 ba
369 885 599 923 quocunqne
637 872 753 909 modo
792 871 1124 917 dilucidarentur,
1169 883 1220 909 ne
1264 884 1339 921 qua
1374 873 1600 924 legentibus

284 929 499 968 difficultas
529 929 778 966 obiiceretur.
834 926 949 974 Quod
978 927 1184 965 consilium
1213 939 1314 965 nunc
1353 940 1508 979 quoque
1535 943 1601 968 re-

283 987 494 1031 tinuimus,
521 984 598 1022 hoc
628 989 756 1021 tamen
786 986 1116 1033 temperamento,
1145 986 1189 1020 ut
1217 995 1314 1033 quae
1341 984 1435 1023 olim
1464 987 1601 1036 copio-

286 1042 368 1080 sius
406 1041 583 1090 exposita
625 1042 785 1084 essent,
822 1038 862 1075 in
908 1039 1063 1077 brevius
1108 1038 1456 1088 contraheremus3
1502 1053 1602 1092 quae

286 1097 387 1136 falsa
426 1099 584 1143 essent,
620 1095 933 1144 corrigeremus;
972 1106 1072 1145 quae
1110 1094 1400 1144 redundarent,
1440 1096 1603 1135 delere-

287 1166 396 1199 mus;
434 1151 604 1201 denique
642 1163 741 1200 quae
779 1149 922 1188 deesse
959 1150 1007 1188 ad
1044 1150 1186 1188 iustam
1215 1151 1515 1201 explicationem
1545 1154 1602 1191 vi-

286 1209 497 1255 derentur,
538 1219 585 1244 ea
623 1207 882 1244 adiiceremus
919 1218 965 1243 ac
1006 1206 1303 1257 suppleremus.
1379 1207 1459 1246 Ita‘
1482 1210 1603 1259 igitur

286 1265 459 1310 factum,
497 1267 543 1301 ut
584 1262 682 1300 haec
727 1262 847 1299 editio
883 1274 906 1300 a
945 1263 1154 1312 superiore
1197 1266 1349 1300 tantum
1386 1263 1603 1315 discrepet,

286 1325 330 1359 ut
368 1332 491 1370 pauca
529 1317 796 1356 tantummodo
832 1330 919 1355 cum
950 1330 996 1355 ea
1024 1318 1242 1356 communia
1270 1318 1425 1360 habeat.
1483 1321 1604 1359 Cete-

286 1390 372 1415 rum
412 1375 487 1413 hac
525 1374 656 1412 oblata
693 1375 991 1424 opportunitate
1028 1385 1106 1411 non
1146 1385 1307 1424 possum
1339 1377 1430 1424 quin
1457 1378 1603 1426 gratias

285 1445 397 1482 agam
435 1431 592 1468 censori
632 1430 899 1468 eruditissimo
937 1430 975 1467 in
1013 1429 1152 1469 Annal.
1190 1429 1332 1470 Litter.
1368 1431 1531 1471 Halens.
1568 1445 1602 1474 a.

287 1488 407 1526 1824.
447 1500 498 1526 m.
538 1486 619 1525 Iun.
656 1485 705 1527 N.
748 1485 838 1527 149.
878 1485 944 1536 qui
980 1485 1261 1524 humanissime
1289 1485 1340 1524 de
1366 1500 1454 1527 mea
1482 1501 1606 1540 opera

283 1543 478 1584 iudicavit.
1337 1550 1341 1552 ’

397 1597 560 1636 Duobus
605 1598 714 1635 annis
754 1600 847 1648 post
884 1595 963 1638 Fr.
1003 1596 1053 1639 G.
1090 1596 1413 1648 Engelhardt
1448 1600 1602 1652 Euthy-

286 1656 478 1708 plironem
510 1654 606 1691 item
636 1653 760 1691 edidit
788 1654 826 1691 in
855 1653 979 1690 libro:
1518 1699 1520 1701 ‚

452 1710 687 1748 Platonis
716 1708 914 1758 dialogi
937 1707 1012 1748 1V.
1042 1706 1253 1755 Laches,
1283 1708 1601 1759 Euthyphro,

396 1765 671 1815 Apologia,
719 1764 1059 1812 Menexenus,
1104 1765 1357 1802 annotatione
1405 1770 1601 1815 perpetua

395 1821 607 1860 illustravit
642 1819 719 1860 Fr.
757 1819 808 1859 G.
847 1820 1183 1870 Engelhardt.
1222 1820 1354 1861 Berol.
1396 1820 1518 1862 1825.
1558 1822 1597 1860 8.

395 1877 459 1915 cui
486 1877 525 1914 in
554 1875 687 1914 multis
715 1876 833 1914 rebus
862 1888 1015 1913 mecum
1046 1876 1246 1914 convenit:
1277 1876 1379 1926 quod
1399 1878 1600 1916 monuisse

394 1934 519 1979 iuvat,
549 1943 599 1970 ne
627 1933 713 1982 quis
744 1932 967 1979 existimet,
997 1944 1096 1981 quae
1136 1932 1174 1970 in
1212 1931 1286 1969 hac
1316 1932 1489 1971 editione
1524 1934 1600 1972 ite-

393 1990 587 2035 ravimus,
624 2000 671 2026 ex
707 1988 833 2038 ipsius
876 1999 1000 2038 opere
1037 1988 1210 2038 repetita
1247 1998 1352 2029 esse.
1414 1988 1601 2028 Ceterum

395 2045 455 2082 vir
495 2044 634 2082 doctus
672 2043 722 2081 de
759 2048 991 2093 argumento
1033 2048 1075 2082 et
1114 2043 1279 2081 consilio
1328 2045 1461 2093 operis
1504 2045 1602 2083 nihil

395 2101 493 2139 dixit
522 2100 773 2151 studiumque
801 2112 913 2138 suum
941 2100 981 2137 in
1009 2111 1086 2137 una
1113 2099 1320 2137 verborum
1339 2100 1602 2150 explicatione

396 2156 601 2197 continuit.

397 2211 576 2261 Denique
603 2210 878 2249 memorandus
908 2213 971 2248 est
1006 2209 1262 2248 Ernestus
1292 2209 1505 2259 Dronke,
1535 2213 1599 2263 qui

280 2268 384 2306 hunc
440 2268 582 2305 librum
630 2279 705 2305 una
753 2279 841 2304 cum
887 2265 1099 2316 Apologia,
1150 2265 1333 2311 Critone,
1374 2266 1599 2318 Charmide,

279 2322 414 2360 Lache
453 2328 494 2360 et
531 2323 754 2361 Menexeno
791 2323 829 2360 in
870 2335 983 2359 usum
1013 2321 1236 2359 scholarum
1269 2322 1396 2360 edidit
1426 2323 1599 2374 Bonnae,

281 2379 402 2419 1834.
432 2378 470 2416 8.
501 2379 591 2417 min.
651 2378 784 2416 Nitida
813 2378 932 2415 editio
963 2381 1137 2422 textum,
1170 2389 1285 2427 quem
1314 2383 1467 2428 vocant,
1497 2392 1596 2419 con-

280 2436 381 2472 tinet
411 2435 619 2472 subiuncto
649 2434 757 2471 brevi
789 2434 997 2470 verborum
1026 2432 1166 2472 indice.

390 2489 580 2527 Ceterum
605 2489 1128 2528 Schleie-rmacherus
1146 2486 1476 2541 Euthyphronem
1505 2501 1595 2529 ver-

277 2547 331 2585 tit
359 2545 593 2585 Germanice
621 2544 714 2589 Vol.
743 2546 773 2589 1.
803 2545 849 2587 1¹.
879 2545 928 2584 11.
958 2557 998 2596 p.
1029 2544 1084 2583 49
1113 2556 1198 2595 sqq.

732 2673 1169 2692 wo*—
