1624 2904
516 171 586 213 AD
618 169 739 212 ΜΕΝ
742 170 914 214 ΟΝΕΜ.
1332 175 1385 214 19

157 290 237 330 lam
266 300 362 331 vero
391 300 441 327 ne
471 287 577 326 nulla
606 287 764 330 omnino
792 286 917 325 virtus
947 287 1116 338 reperiri
1146 288 1386 344 omninoque

48 348 100 388 de
140 360 188 386 ea
225 352 356 385 actum
395 357 488 384 esse
523 345 722 391 videatur,
765 342 956 382 Socrates
986 350 1152 395 praeter
1180 347 1385 387 scientiam
1443 375 1446 379 »

51 403 227 444 ostendit
268 404 389 441 etiam
431 415 564 441 veram
601 402 830 454 opinionem
871 402 1090 440 existimari
1128 404 1255 443 licere
1291 406 1386 445 viris

50 475 184 504 rerum
214 461 461 512 publicarum
490 459 832 497 administratione
860 458 979 497 claris
1010 459 1209 510 prodesse
1249 474 1385 514 posse.

51 521 151 560 Eam
174 524 307 556 autem
339 518 565 569 opinionem
594 515 716 554 docet
745 527 794 553 eo
823 527 846 554 a
875 516 1044 555 scientia
1074 517 1252 566 differre,
1282 519 1390 570 quod

53 568 129 617 si(
145 575 344 614 instabilis
384 573 574 624 quaedam
613 578 655 612 et
698 573 873 621 incerta,
918 577 962 611 ut
991 572 1111 612 modo
1150 575 1254 614 adsit
1282 577 1391 615 mul-

50 638 214 683 tamque
243 631 386 670 afferat
413 630 653 678 utilitatem,
679 630 798 668 modo
827 635 1010 680 tanquam
1041 631 1204 671 Daedali
1233 636 1390 675 statuae

52 695 225 741 repente
276 688 478 738 aufugiat,
525 686 748 726 cuiusmodi
796 688 1104 728 inconstantiam
1142 690 1182 728 in
1220 691 1390 730 scientia

53 759 132 787 nou
159 740 305 787 inesse.
364 745 648 785 Verumtamen
676 744 784 783 illam
812 746 851 783 in
882 745 1003 783 rebus
1021 747 1224 797 gei-endiS‚
1253 750 1391 798 quam-

52 805 121 843 diu
150 803 276 851 adsit,
316 814 394 841 non
433 802 562 841 minus
602 801 799 854 prodesse
838 803 1084 851 arbitratur„
1116 815 1231 855 quam
1261 806 1392 857 ipsam

54 861 285 907 seientiam,
313 859 362 897 ad
393 859 504 898 cuius
535 859 769 910 dignitatem
799 862 842 897 et
882 861 1168 910 praestantiam
1203 863 1393 902 recorda-

54 919 177 965 tione,
194 917 235 955 h.
267 928 303 954 e.
333 916 450 954 ideae
476 917 765 956 instauratione
787 916 903 954 evehi
924 918 1057 968 possit
1076 916 1132 971 *).
1190 919 1280 970 Quo
1310 920 1394 959 dis·

56 975 221 1014 crimine
258 973 450 1012 scientiae
491 978 535 1012 et
562 978 701 1012 rectae
728 973 925 1024 opinionis
953 973 1160 1014 illustrato
1199 977 1306 1015 viros
1337 977 1395 1016 ci-

57 1031 155 1071 viles
182 1030 328 1077 docet,
360 1030 394 1069 si
422 1030 516 1081 quid
543 1030 738 1082 praeclari
768 1031 987 1081 gesserint,
1015 1031 1055 1070 id
1084 1037 1223 1073 rectae
1253 1035 1395 1087 opina·

56 1089 158 1129 tioni
193 1091 401 1138 acceptum
447 1089 662 1135 retulisse,
700 1086 873 1138 ideoque
908 1089 1100 1129 virtutem
1138 1103 1278 1131 eorum
1316 1104 1395 1132 uon

56 1145 107 1185 ad
135 1145 342 1185 scientiam
378 1143 452 1183 sed
491 1145 539 1183 ad
583 1144 811 1195 opinionem
850 1144 1106 1186 referendam
1139 1148 1278 1188 videri.
1335 1149 1396 1188 Ex

58 1215 138 1254 quo
154 1202 346 1252 consequi
373 1201 472 1248 vult,
499 1205 544 1241 ut
571 1200 796 1240 istiusmodi
824 1202 1011 1242 virtutem
1040 1214 1118 1253 non
1144 1204 1326 1244 doctrina
1356 1212 1400 1244 et

24 1256 30 1260 ’
58 1260 330 1307 institutione,
359 1258 431 1297 sed
461 1257 591 1297 divino
621 1270 788 1297 munere
816 1256 1044 1298 hominibus
1073 1262 1285 1313 obtingere
1316 1265 1399 1302 exi·

59 1318 226 1357 stimate
262 1315 492 1356 debeamus.
548 1315 653 1354 Num
682 1319 814 1353 autem
848 1316 973 1355 virtus
1003 1318 1161 1355 omuino
1191 1319 1239 1357 ad
1268 1321 1400 1359 scien—

61 1375 158 1414 tiam
183 1372 333 1411 referri
365 1376 509 1421 queat,
539 1371 591 1410 de
619 1384 670 1410 eo
699 1372 858 1421 quidem
888 1374 1104 1412 arbitratur
1126 1380 1211 1414 tum
1241 1375 1400 1415 demum

61 1436 178 1470 recte
212 1428 427 1469 iudicatum
466 1429 539 1477 iri,
578 1429 646 1467 ubi
685 1429 772 1467 eius
811 1430 868 1467 vis
909 1434 952 1468 et
998 1435 1139 1470 natura
1177 1435 1402 1472 accuratius

62 1487 192 1527 fuerit
218 1485 437 1537 explorata.
495 1486 660 1525 Interim
692 1490 808 1537 rogat
835 1485 1068 1536 menonem,
1099 1493 1144 1527 ut
1172 1500 1288 1539 quam
1318 1491 1403 1529 aui-

62 1557 130 1584 mo
157 1543 207 1582 de
247 1543 323 1582 hac
351 1555 398 1581 re
426 1544 666 1582 sententiam
696 1545 952 1593 conceperit,
983 1544 1035 1583 de
1065 1547 1262 1586 earetiam
1292 1546 1403 1599 Any-

64 1606 136 1650 to,
164 1600 319 1652 hospiti
351 1611 446 1648 suo,
478 1599 742 1651 persuadeat,
784 1612 862 1649 quo
901 1601 936 1638 is
964 1601 1036 1640 fiat
1064 1601 1194 1641 lenior
1223 1609 1266 1642 et
1293 1617 1404 1644 man—

65 1659 240 1699 suetior:
267 1658 323 1696 ita
352 1657 457 1696 euim
487 1669 580 1696 eum
609 1657 730 1696 etiam
759 1657 1074 1698 Atheniensibus
1105 1661 1284 1700 nonnihil
1312 1675 1406 1702 esse

65 1715 323 1769 profuturum
346 1712 423 1761 **).
739 1750 743 1754 .

178 1771 459 1811 Confirmatam
488 1769 566 1810 hac
596 1770 847 1811 enarratione
876 1775 1062 1824 putamus
1089 1778 1210 1824 atque
1225 1772 1407 1815 illustra-

0 1856 1 1867 ἶ
68 1833 151 1870 tam
179 1829 420 1868 seutentiam
449 1833 641 1877 nostram,
671 1840 786 1878 quam
816 1835 931 1868 autea
962 1831 1011 1868 de
1042 1831 1158 1870 huius
1188 1833 1281 1871 libri
1310 1847 1409 1884 pro-

0 1886 1 1895 *
73 1887 207 1938 posito
260 1889 303 1924 et
349 1885 517 1924 consilio
571 1884 831 1937 prodidimus.
914 1887 1254 1936 Quemadmodum
1303 1892 1409 1929 euim

76 1944 213 1996 priore
223 1941 502 1993 disputationis
522 1948 638 1992 parte
657 1943 850 1994 sophistis
871 1944 1040 1983 scientia
1058 1947 1243 1997 eripitur„
1262 1948 1318 1986 ita
1338 1961 1410 1999 po-

78 2000 252 2040 steriore
284 1999 379 2037 viris
418 2000 596 2038 civilibus
631 2012 706 2038 una
745 2000 880 2051 opinio
917 2003 1128 2050 tribuitur,
1165 2016 1241 2053 qua
1274 2004 1331 2043 illi
1372 2002 1433 2044 in'

76 2056 232 2109 agendo
262 2059 447 2104 tanquam
484 2068 608 2094 coeco
637 2056 804 2106 quodam
837 2057 989 2108 impetu
1017 2072 1110 2097 sese
1141 2062 1227 2111 regi
1258 2062 1413 2112 patian-

78 2120 158 2155 tur.
217 2112 382 2152 Civilem
419 2123 514 2151 vero
553 2113 670 2151 istam
707 2114 899 2153 virtutem
929 2117 1155 2155 ostenditur
1184 2130 1229 2156 ac
1260 2119 1416 2169 signifi-

80 2179 194 2211 catur
222 2181 301 2208 non
338 2168 439 2208 adeo
480 2170 610 2220 magui
646 2181 738 2209 esse
766 2170 1009 2221 faciendam,
1048 2174 1231 2223 quoniam
1261 2188 1338 2214 non
1368 2174 1415 2214 ad

82 2228 277 2268 scientiae
314 2227 576 2265 constantiam
606 2230 648 2265 et
677 2228 1017 2277 aequabilitatem,
1058 2232 1184 2280 qualis
1222 2234 1259 2270 iu
1291 2234 1416 2272 virum

84 2285 253 2336 probum
292 2287 335 2322 et
361 2282 579 2334 sapientem
619 2285 850 2333 conveniat,
881 2287 1106 2328 extollatur.
1169 2287 1299 2337 Quam
1331 2291 1419 2340 qui-

74 2342 178 2381 'dem
221 2341 460 2380 sententiam
506 2337 803 2391 haudquaquam
852 2341 1077 2383 dubitamus
1127 2347 1247 2384 etiam
1294 2347 1418 2397 ipsius

81 2398 266 2438 Socratis
296 2397 424 2436 fuisse
454 2397 811 2448 propriam,'quem
831 2399 938 2439 inter
967 2398 1167 2454 εὐτυχίαι»
1196 2408 1238 2441 et
1268 2401 1419 2455 ι-ἰῑπρα-

90 2453 186 2506 ξίαν
223 2467 405 2506 magnum
444 2454 636 2494 statuisse
672 2453 889 2497 discrimen
926 2458 1058 2510 paullo
1086 2465 1179 2499 ante
1209 2473 1255 2499 ex
1284 2460 1421 2500 Xeno*

88 2512 243 2564 phonte
273 2512 492 2551 docuimus.

190 2702 225 2739 ἢ
252 2702 286 2735 Ρ.
312 2702 366 2733 96.
391 2702 431 2735 D.
455 2720 496 2727 —
524 2704 578 2735 98.
606 2705 644 2736 C.

172 2747 230 2787 *ἢ
256 2749 291 2780 Ρ.
315 2751 369 2780 98.
394 2752 430 2782 G.
457 2766 501 2773 —
526 2752 601 2781 100.
627 2751 664 2782 C·
