<?xml version="1.0" encoding="UTF-8"?>
<!DOCTYPE html PUBLIC "-//W3C//DTD XHTML 1.0 Transitional//EN"
    "http://www.w3.org/TR/xhtml1/DTD/xhtml1-transitional.dtd">
<html xmlns="http://www.w3.org/1999/xhtml" xml:lang="en" lang="en">
 <head>
  <title>
</title>
<meta http-equiv="Content-Type" content="text/html;charset=utf-8" />
  <meta name='ocr-system' content='tesseract 3.04.00' />
  <meta name='ocr-capabilities' content='ocr_page ocr_carea ocr_par ocr_line ocrx_word'/>
</head>
<body>
  <div class='ocr_page' id='page_1' title='image "./operaomniarecens06platuoft/operaomniarecens06platuoft_0061.png"; bbox 0 0 1624 2904; ppageno 0'>
   <div class='ocr_carea' id='block_1_1' title="bbox 108 149 135 166">
    <p class='ocr_par' dir='ltr' id='par_1_1' title="bbox 108 149 135 166">
     <span class='ocr_line' id='line_1_1' title="bbox 108 149 135 166; baseline 0 0"><span class='ocrx_word' id='word_1_1' title='bbox 108 149 135 166; x_wconf 66' lang='lat' dir='ltr'><em>A</em></span> 
     </span>
    </p>
   </div>
   <div class='ocr_carea' id='block_1_2' title="bbox 0 157 1453 2791">
    <p class='ocr_par' dir='ltr' id='par_1_2' title="bbox 0 157 1453 2791">
     <span class='ocr_line' id='line_1_2' title="bbox 254 157 1400 205; baseline -0.005 0"><span class='ocrx_word' id='word_1_2' title='bbox 254 161 337 205; x_wconf 75' lang='grc' dir='ltr'><strong>ΒΕ</strong></span> <span class='ocrx_word' id='word_1_3' title='bbox 381 159 812 204; x_wconf 71' lang='lat' dir='ltr'><strong>EU&#39;rHYnEMo</strong></span> <span class='ocrx_word' id='word_1_4' title='bbox 847 157 1191 201; x_wconf 73' lang='lat' dir='ltr'><strong>PLATOMS.</strong></span> <span class='ocrx_word' id='word_1_5' title='bbox 1342 158 1400 200; x_wconf 73' lang='grc'><strong>55</strong></span> 
     </span>
     <span class='ocr_line' id='line_1_3' title="bbox 54 267 1407 344; baseline -0.004 -26"><span class='ocrx_word' id='word_1_6' title='bbox 54 274 183 319; x_wconf 79' lang='grc' dir='ltr'><em>αὐτοι</em></span> <span class='ocrx_word' id='word_1_7' title='bbox 214 279 260 318; x_wconf 70' lang='grc' dir='ltr'><strong>ἐν</strong></span> <span class='ocrx_word' id='word_1_8' title='bbox 288 277 342 336; x_wconf 73' lang='grc' dir='ltr'><strong>τῆ</strong></span> <span class='ocrx_word' id='word_1_9' title='bbox 366 271 717 344; x_wconf 51' lang='grc' dir='ltr'><strong>Ἀριστοφάνους</strong></span> <span class='ocrx_word' id='word_1_10' title='bbox 747 272 980 326; x_wconf 65' lang='grc' dir='ltr'><strong>κωμῳδία,</strong></span> <span class='ocrx_word' id='word_1_11' title='bbox 1030 267 1257 328; x_wconf 74' lang='grc' dir='ltr'><em>Σωκράτη</em></span> <span class='ocrx_word' id='word_1_12' title='bbox 1293 285 1407 313; x_wconf 79' lang='grc' dir='ltr'><strong>τινα</strong></span> 
     </span>
     <span class='ocr_line' id='line_1_4' title="bbox 13 317 1395 396; baseline -0.004 -19.821"><span class='ocrx_word' id='word_1_13' title='bbox 13 338 140 376; x_wconf 77' lang='grc' dir='ltr'><strong><em>ἐκεῖ</em></strong></span> <span class='ocrx_word' id='word_1_14' title='bbox 168 331 540 390; x_wconf 65' lang='lat' dir='ltr'><strong>monseodusmr,</strong></span> <span class='ocrx_word' id='word_1_15' title='bbox 571 345 812 396; x_wconf 72' lang='grc' dir='ltr'><em>(μισκοντα</em></span> <span class='ocrx_word' id='word_1_16' title='bbox 830 345 874 371; x_wconf 77' lang='grc' dir='ltr'><strong>τε</strong></span> <span class='ocrx_word' id='word_1_17' title='bbox 902 317 1188 396; x_wconf 58' lang='grc' dir='ltr'><strong>ἀεροβατᾶν,</strong></span> <span class='ocrx_word' id='word_1_18' title='bbox 1220 329 1293 371; x_wconf 82' lang='grc' dir='ltr'><strong>καὶ</strong></span> <span class='ocrx_word' id='word_1_19' title='bbox 1321 325 1395 370; x_wconf 77' lang='grc' dir='ltr'><strong>ἄ).-</strong></span> 
     </span>
     <span class='ocr_line' id='line_1_5' title="bbox 52 381 1395 456; baseline -0.003 -24"><span class='ocrx_word' id='word_1_20' title='bbox 52 392 133 442; x_wconf 70' lang='grc' dir='ltr'><strong>2ην</strong></span> <span class='ocrx_word' id='word_1_21' title='bbox 161 391 327 442; x_wconf 59' lang='lat' dir='ltr'><strong>nojzhjv</strong></span> <span class='ocrx_word' id='word_1_22' title='bbox 359 392 580 456; x_wconf 55' lang='lat' dir='ltr'><strong>qnamdam</strong></span> <span class='ocrx_word' id='word_1_23' title='bbox 610 389 918 446; x_wconf 66' lang='grc' dir='ltr'><strong>([λιαοουντα·</strong></span> <span class='ocrx_word' id='word_1_24' title='bbox 950 386 1009 427; x_wconf 77' lang='grc' dir='ltr'><strong>ὡν</strong></span> <span class='ocrx_word' id='word_1_25' title='bbox 1041 382 1123 440; x_wconf 73' lang='grc' dir='ltr'><strong>ἐγώ</strong></span> <span class='ocrx_word' id='word_1_26' title='bbox 1147 385 1276 429; x_wconf 75' lang='grc' dir='ltr'><em>οὐδὲν</em></span> <span class='ocrx_word' id='word_1_27' title='bbox 1296 381 1395 428; x_wconf 78' lang='grc' dir='ltr'><em>οὔτε</em></span> 
     </span>
     <span class='ocr_line' id='line_1_6' title="bbox 50 443 1394 504; baseline -0.005 -14"><span class='ocrx_word' id='word_1_28' title='bbox 50 451 164 504; x_wconf 61' lang='lat' dir='ltr'><strong>,tcae&#39;Jcc</strong></span> <span class='ocrx_word' id='word_1_29' title='bbox 201 445 300 490; x_wconf 76' lang='grc' dir='ltr'><em>οὕτε</em></span> <span class='ocrx_word' id='word_1_30' title='bbox 338 446 524 501; x_wconf 73' lang='grc' dir='ltr'><strong>σμικρὰν</strong></span> <span class='ocrx_word' id='word_1_31' title='bbox 562 449 662 488; x_wconf 61' lang='lat' dir='ltr'><strong>mim</strong></span> <span class='ocrx_word' id='word_1_32' title='bbox 690 447 837 486; x_wconf 71' lang='grc' dir='ltr'><strong>ἐπαΐω.</strong></span> <span class='ocrx_word' id='word_1_33' title='bbox 869 445 962 485; x_wconf 83' lang='lat' dir='ltr'><strong>coll.</strong></span> <span class='ocrx_word' id='word_1_34' title='bbox 992 457 1030 495; x_wconf 89' lang='lat' dir='ltr'><strong>p.</strong></span> <span class='ocrx_word' id='word_1_35' title='bbox 1065 443 1132 482; x_wconf 78' lang='lat'><strong>18.</strong></span> <span class='ocrx_word' id='word_1_36' title='bbox 1161 445 1209 483; x_wconf 90' lang='grc' dir='ltr'><strong>Β.</strong></span> <span class='ocrx_word' id='word_1_37' title='bbox 1264 443 1394 485; x_wconf 75' lang='lat' dir='ltr'><strong>Vides</strong></span> 
     </span>
     <span class='ocr_line' id='line_1_7' title="bbox 10 501 1395 556; baseline -0.004 -10"><span class='ocrx_word' id='word_1_38' title='bbox 10 511 11 514; x_wconf 76' lang='grc'>’</span> <span class='ocrx_word' id='word_1_39' title='bbox 51 507 119 546; x_wconf 85' lang='lat' dir='ltr'><strong>hic</strong></span> <span class='ocrx_word' id='word_1_40' title='bbox 158 519 204 544; x_wconf 84' lang='lat' dir='ltr'><strong>ea</strong></span> <span class='ocrx_word' id='word_1_41' title='bbox 243 506 568 553; x_wconf 79' lang='lat' dir='ltr'><strong>commemorari,</strong></span> <span class='ocrx_word' id='word_1_42' title='bbox 610 516 710 556; x_wconf 86' lang='lat' dir='ltr'><strong>quae</strong></span> <span class='ocrx_word' id='word_1_43' title='bbox 749 504 787 541; x_wconf 93' lang='lat' dir='ltr'><strong>in</strong></span> <span class='ocrx_word' id='word_1_44' title='bbox 826 502 963 541; x_wconf 81' lang='lat' dir='ltr'><strong>sabula</strong></span> <span class='ocrx_word' id='word_1_45' title='bbox 1002 501 1132 540; x_wconf 82' lang='lat' dir='ltr'><strong>adhuc</strong></span> <span class='ocrx_word' id='word_1_46' title='bbox 1174 502 1395 553; x_wconf 77' lang='lat' dir='ltr'><strong>superstite</strong></span> 
     </span>
     <span class='ocr_line' id='line_1_8' title="bbox 51 559 1395 614; baseline -0.004 -11"><span class='ocrx_word' id='word_1_47' title='bbox 51 564 332 614; x_wconf 79' lang='lat' dir='ltr'><strong>reperiuntur,</strong></span> <span class='ocrx_word' id='word_1_48' title='bbox 370 569 415 602; x_wconf 88' lang='lat' dir='ltr'><strong>nt</strong></span> <span class='ocrx_word' id='word_1_49' title='bbox 452 575 528 602; x_wconf 89' lang='lat' dir='ltr'><strong>non</strong></span> <span class='ocrx_word' id='word_1_50' title='bbox 565 562 695 613; x_wconf 81' lang='lat' dir='ltr'><strong>possit</strong></span> <span class='ocrx_word' id='word_1_51' title='bbox 737 560 930 608; x_wconf 82' lang='lat' dir='ltr'><strong>dubitari,</strong></span> <span class='ocrx_word' id='word_1_52' title='bbox 963 560 1056 611; x_wconf 86' lang='lat' dir='ltr'><strong>quin</strong></span> <span class='ocrx_word' id='word_1_53' title='bbox 1086 559 1207 598; x_wconf 88' lang='lat' dir='ltr'><strong>etiam</strong></span> <span class='ocrx_word' id='word_1_54' title='bbox 1237 560 1276 597; x_wconf 91' lang='lat' dir='ltr'><strong>in</strong></span> <span class='ocrx_word' id='word_1_55' title='bbox 1306 560 1395 610; x_wconf 89' lang='lat' dir='ltr'><strong>pri-</strong></span> 
     </span>
     <span class='ocr_line' id='line_1_9' title="bbox 6 615 1391 671; baseline 0 -15"><span class='ocrx_word' id='word_1_56' title='bbox 6 619 8 656; x_wconf 61' lang='grc' dir='ltr'><em>ἑ</em></span> <span class='ocrx_word' id='word_1_57' title='bbox 52 622 128 660; x_wconf 83' lang='lat' dir='ltr'><strong>mis</strong></span> <span class='ocrx_word' id='word_1_58' title='bbox 166 620 345 659; x_wconf 84' lang='lat' dir='ltr'><strong>Nubibus</strong></span> <span class='ocrx_word' id='word_1_59' title='bbox 386 620 657 671; x_wconf 77' lang='lat' dir='ltr'><strong>sophistarum</strong></span> <span class='ocrx_word' id='word_1_60' title='bbox 701 618 877 669; x_wconf 78' lang='lat' dir='ltr'><strong>ineptiae</strong></span> <span class='ocrx_word' id='word_1_61' title='bbox 924 617 1111 655; x_wconf 80' lang='lat' dir='ltr'><strong>similiter</strong></span> <span class='ocrx_word' id='word_1_62' title='bbox 1156 617 1198 655; x_wconf 89' lang='lat' dir='ltr'><strong>in</strong></span> <span class='ocrx_word' id='word_1_63' title='bbox 1244 615 1391 656; x_wconf 81' lang='lat' dir='ltr'><strong>Socra-</strong></span> 
     </span>
     <span class='ocr_line' id='line_1_10' title="bbox 0 672 1447 729; baseline -0.003 -11"><span class='ocrx_word' id='word_1_64' title='bbox 0 677 4 718; x_wconf 58' lang='lat'><strong>}</strong></span> <span class='ocrx_word' id='word_1_65' title='bbox 51 679 105 717; x_wconf 87' lang='lat' dir='ltr'><strong>tis</strong></span> <span class='ocrx_word' id='word_1_66' title='bbox 136 690 304 728; x_wconf 84' lang='lat' dir='ltr'><strong>persona</strong></span> <span class='ocrx_word' id='word_1_67' title='bbox 334 678 558 729; x_wconf 78' lang='lat' dir='ltr'>exagitatae</span> <span class='ocrx_word' id='word_1_68' title='bbox 588 677 679 714; x_wconf 90' lang='lat' dir='ltr'><strong>sint.</strong></span> <span class='ocrx_word' id='word_1_69' title='bbox 730 675 874 726; x_wconf 82' lang='lat' dir='ltr'><strong>Neque</strong></span> <span class='ocrx_word' id='word_1_70' title='bbox 896 675 1001 714; x_wconf 90' lang='lat' dir='ltr'><strong>enim</strong></span> <span class='ocrx_word' id='word_1_71' title='bbox 1015 672 1392 714; x_wconf 78' lang='lat' dir='ltr'><strong>andiendusFrit-</strong></span> <span class='ocrx_word' id='word_1_72' title='bbox 1445 710 1447 713; x_wconf 88' lang='lat'><strong>.</strong></span> 
     </span>
     <span class='ocr_line' id='line_1_11' title="bbox 0 730 1453 785; baseline -0.004 -11"><span class='ocrx_word' id='word_1_73' title='bbox 0 733 2 756; x_wconf 62' lang='lat'><em>²</em></span> <span class='ocrx_word' id='word_1_74' title='bbox 52 735 235 774; x_wconf 86' lang='lat' dir='ltr'><strong>schins</strong></span> <span class='ocrx_word' id='word_1_75' title='bbox 267 739 352 781; x_wconf 79' lang='lat' dir='ltr'><strong>est,</strong></span> <span class='ocrx_word' id='word_1_76' title='bbox 386 736 453 785; x_wconf 86' lang='lat' dir='ltr'><strong>qui</strong></span> <span class='ocrx_word' id='word_1_77' title='bbox 482 747 521 785; x_wconf 88' lang='lat' dir='ltr'><strong>p.</strong></span> <span class='ocrx_word' id='word_1_78' title='bbox 553 733 634 773; x_wconf 73' lang='lat'><strong>123</strong></span> <span class='ocrx_word' id='word_1_79' title='bbox 664 746 751 784; x_wconf 85' lang='lat' dir='ltr'><strong>sqq.</strong></span> <span class='ocrx_word' id='word_1_80' title='bbox 781 745 829 770; x_wconf 82' lang='lat' dir='ltr'><strong>ex</strong></span> <span class='ocrx_word' id='word_1_81' title='bbox 858 732 937 770; x_wconf 86' lang='lat' dir='ltr'><strong>hoc</strong></span> <span class='ocrx_word' id='word_1_82' title='bbox 966 732 1056 782; x_wconf 88' lang='lat' dir='ltr'><strong>ipso</strong></span> <span class='ocrx_word' id='word_1_83' title='bbox 1095 730 1187 769; x_wconf 88' lang='lat' dir='ltr'><strong>loco</strong></span> <span class='ocrx_word' id='word_1_84' title='bbox 1220 730 1396 769; x_wconf 84' lang='lat' dir='ltr'><strong>efficere</strong></span> <span class='ocrx_word' id='word_1_85' title='bbox 1450 735 1453 738; x_wconf 84' lang='grc'><strong>’</strong></span> 
     </span>
     <span class='ocr_line' id='line_1_12' title="bbox 0 785 1394 842; baseline -0.003 -12"><span class='ocrx_word' id='word_1_86' title='bbox 0 785 4 795; x_wconf 79' lang='grc'><strong><em>’</em></strong></span> <span class='ocrx_word' id='word_1_87' title='bbox 51 791 227 840; x_wconf 77' lang='lat' dir='ltr'><strong>studuit,</strong></span> <span class='ocrx_word' id='word_1_88' title='bbox 267 797 312 830; x_wconf 89' lang='lat' dir='ltr'><strong>ut</strong></span> <span class='ocrx_word' id='word_1_89' title='bbox 349 795 626 842; x_wconf 77' lang='lat' dir='ltr'><strong>argmnentum</strong></span> <span class='ocrx_word' id='word_1_90' title='bbox 665 792 880 841; x_wconf 87' lang='lat' dir='ltr'><strong>primarum</strong></span> <span class='ocrx_word' id='word_1_91' title='bbox 919 788 1091 827; x_wconf 90' lang='lat' dir='ltr'><strong>Nubium</strong></span> <span class='ocrx_word' id='word_1_92' title='bbox 1127 799 1294 840; x_wconf 89' lang='lat' dir='ltr'><strong>prorsus</strong></span> <span class='ocrx_word' id='word_1_93' title='bbox 1333 787 1394 826; x_wconf 84' lang='lat' dir='ltr'><strong>‹li-</strong></span> 
     </span>
     <span class='ocr_line' id='line_1_13' title="bbox 50 844 1393 899; baseline -0.002 -12"><span class='ocrx_word' id='word_1_94' title='bbox 50 860 209 887; x_wconf 75' lang='lat' dir='ltr'><strong>versum</strong></span> <span class='ocrx_word' id='word_1_95' title='bbox 247 862 270 887; x_wconf 85' lang='lat' dir='ltr'><strong>a</strong></span> <span class='ocrx_word' id='word_1_96' title='bbox 307 850 528 899; x_wconf 73' lang='lat' dir='ltr'><strong>superstite</strong></span> <span class='ocrx_word' id='word_1_97' title='bbox 565 847 701 887; x_wconf 78' lang='lat' dir='ltr'><strong>fabuia</strong></span> <span class='ocrx_word' id='word_1_98' title='bbox 738 846 867 885; x_wconf 87' lang='lat' dir='ltr'><strong>fuisse</strong></span> <span class='ocrx_word' id='word_1_99' title='bbox 896 846 1207 885; x_wconf 79' lang='lat' dir='ltr'><strong>existimaretur.</strong></span> <span class='ocrx_word' id='word_1_100' title='bbox 1263 844 1393 886; x_wconf 48' lang='lat' dir='ltr'><strong>Nimi*</strong></span> 
     </span>
     <span class='ocr_line' id='line_1_14' title="bbox 50 901 1393 957; baseline -0.003 -12"><span class='ocrx_word' id='word_1_101' title='bbox 50 919 139 946; x_wconf 85' lang='lat' dir='ltr'><strong>rum</strong></span> <span class='ocrx_word' id='word_1_102' title='bbox 170 906 297 944; x_wconf 88' lang='lat' dir='ltr'><strong>noluit</strong></span> <span class='ocrx_word' id='word_1_103' title='bbox 333 907 410 944; x_wconf 91' lang='lat' dir='ltr'><strong>iam</strong></span> <span class='ocrx_word' id='word_1_104' title='bbox 449 904 715 957; x_wconf 86' lang='lat' dir='ltr'><strong>philosophus</strong></span> <span class='ocrx_word' id='word_1_105' title='bbox 748 916 906 943; x_wconf 89' lang='lat' dir='ltr'><strong>omnem</strong></span> <span class='ocrx_word' id='word_1_106' title='bbox 937 904 1064 942; x_wconf 88' lang='lat' dir='ltr'><strong>totius</strong></span> <span class='ocrx_word' id='word_1_107' title='bbox 1091 902 1201 942; x_wconf 77' lang='lat' dir='ltr'><strong>illius</strong></span> <span class='ocrx_word' id='word_1_108' title='bbox 1230 901 1393 942; x_wconf 86' lang='lat' dir='ltr'><strong>fabulae</strong></span> 
     </span>
     <span class='ocr_line' id='line_1_15' title="bbox 39 958 1394 1010; baseline -0.001 -7.984"><span class='ocrx_word' id='word_1_109' title='bbox 39 964 291 1003; x_wconf 83' lang='lat' dir='ltr'><strong>sententiam</strong></span> <span class='ocrx_word' id='word_1_110' title='bbox 331 963 559 1010; x_wconf 83' lang='lat' dir='ltr'><strong>declarare,</strong></span> <span class='ocrx_word' id='word_1_111' title='bbox 599 962 674 1001; x_wconf 89' lang='lat' dir='ltr'><strong>sed</strong></span> <span class='ocrx_word' id='word_1_112' title='bbox 711 961 790 1000; x_wconf 90' lang='lat' dir='ltr'><strong>hoc</strong></span> <span class='ocrx_word' id='word_1_113' title='bbox 820 965 973 1000; x_wconf 87' lang='lat' dir='ltr'><strong>tantum</strong></span> <span class='ocrx_word' id='word_1_114' title='bbox 1001 960 1126 1009; x_wconf 79' lang='lat' dir='ltr'><strong>dixit,</strong></span> <span class='ocrx_word' id='word_1_115' title='bbox 1155 958 1394 1000; x_wconf 81' lang='grc' dir='ltr'><em>τοιαῦτα</em></span> 
     </span>
     <span class='ocr_line' id='line_1_16' title="bbox 52 1016 1393 1073; baseline -0.003 -13"><span class='ocrx_word' id='word_1_116' title='bbox 52 1021 92 1060; x_wconf 89' lang='lat' dir='ltr'><strong>in</strong></span> <span class='ocrx_word' id='word_1_117' title='bbox 122 1020 302 1060; x_wconf 80' lang='lat' dir='ltr'><strong>Nubibus</strong></span> <span class='ocrx_word' id='word_1_118' title='bbox 331 1020 548 1073; x_wconf 84' lang='lat' dir='ltr'><strong>spectanda</strong></span> <span class='ocrx_word' id='word_1_119' title='bbox 574 1019 779 1071; x_wconf 80' lang='lat' dir='ltr'><strong>praeberi.</strong></span> <span class='ocrx_word' id='word_1_120' title='bbox 810 1018 916 1070; x_wconf 88' lang='lat' dir='ltr'><strong>quod</strong></span> <span class='ocrx_word' id='word_1_121' title='bbox 944 1019 1001 1057; x_wconf 79' lang='lat' dir='ltr'><strong>ita</strong></span> <span class='ocrx_word' id='word_1_122' title='bbox 1030 1029 1137 1067; x_wconf 87' lang='lat' dir='ltr'><strong>esse,</strong></span> <span class='ocrx_word' id='word_1_123' title='bbox 1164 1018 1225 1057; x_wconf 70' lang='lat' dir='ltr'><strong>vir</strong></span> <span class='ocrx_word' id='word_1_124' title='bbox 1244 1016 1393 1057; x_wconf 84' lang='lat' dir='ltr'><strong>doctus</strong></span> 
     </span>
     <span class='ocr_line' id='line_1_17' title="bbox 50 1069 1395 1131; baseline -0.002 -14"><span class='ocrx_word' id='word_1_125' title='bbox 50 1078 139 1129; x_wconf 77' lang='lat' dir='ltr'><strong>ipse</strong></span> <span class='ocrx_word' id='word_1_126' title='bbox 168 1078 304 1129; x_wconf 80' lang='lat' dir='ltr'><strong>largiri</strong></span> <span class='ocrx_word' id='word_1_127' title='bbox 333 1082 497 1117; x_wconf 87' lang='lat' dir='ltr'><strong>coactus</strong></span> <span class='ocrx_word' id='word_1_128' title='bbox 527 1082 606 1115; x_wconf 89' lang='lat' dir='ltr'><strong>est.</strong></span> <span class='ocrx_word' id='word_1_129' title='bbox 661 1076 774 1116; x_wconf 82' lang='lat' dir='ltr'><strong>Istud</strong></span> <span class='ocrx_word' id='word_1_130' title='bbox 802 1069 1050 1131; x_wconf 76' lang='grc' dir='ltr'><em>πεοιφερόμ</em></span> <span class='ocrx_word' id='word_1_131' title='bbox 1053 1087 1151 1116; x_wconf 86' lang='grc' dir='ltr'><strong>ενον</strong></span> <span class='ocrx_word' id='word_1_132' title='bbox 1172 1086 1268 1113; x_wconf 80' lang='lat' dir='ltr'><strong>vero</strong></span> <span class='ocrx_word' id='word_1_133' title='bbox 1284 1072 1395 1114; x_wconf 83' lang='lat' dir='ltr'><strong>haud</strong></span> 
     </span>
     <span class='ocr_line' id='line_1_18' title="bbox 50 1131 1395 1186; baseline -0.001 -12"><span class='ocrx_word' id='word_1_134' title='bbox 50 1135 171 1174; x_wconf 85' lang='lat' dir='ltr'><strong>dubie</strong></span> <span class='ocrx_word' id='word_1_135' title='bbox 213 1135 389 1186; x_wconf 85' lang='lat' dir='ltr'><strong>pertinet</strong></span> <span class='ocrx_word' id='word_1_136' title='bbox 426 1134 474 1173; x_wconf 88' lang='lat' dir='ltr'><strong>ad</strong></span> <span class='ocrx_word' id='word_1_137' title='bbox 504 1147 596 1173; x_wconf 89' lang='lat' dir='ltr'><strong>eum</strong></span> <span class='ocrx_word' id='word_1_138' title='bbox 621 1133 777 1182; x_wconf 83' lang='lat' dir='ltr'><strong>locum,</strong></span> <span class='ocrx_word' id='word_1_139' title='bbox 807 1145 886 1185; x_wconf 89' lang='lat' dir='ltr'><strong>quo</strong></span> <span class='ocrx_word' id='word_1_140' title='bbox 917 1132 1106 1171; x_wconf 79' lang='lat' dir='ltr'><strong>Socrates</strong></span> <span class='ocrx_word' id='word_1_141' title='bbox 1135 1131 1395 1172; x_wconf 82' lang='lat' dir='ltr'><strong>meditabun-</strong></span> 
     </span>
     <span class='ocr_line' id='line_1_19' title="bbox 52 1186 1395 1247; baseline -0.002 -17"><span class='ocrx_word' id='word_1_142' title='bbox 52 1192 127 1231; x_wconf 88' lang='lat' dir='ltr'><strong>dus</strong></span> <span class='ocrx_word' id='word_1_143' title='bbox 156 1193 196 1231; x_wconf 91' lang='lat' dir='ltr'><strong>in</strong></span> <span class='ocrx_word' id='word_1_144' title='bbox 226 1188 465 1247; x_wconf 67' lang='grc' dir='ltr'><strong>κρεμάθρᾳ</strong></span> <span class='ocrx_word' id='word_1_145' title='bbox 493 1192 638 1231; x_wconf 83' lang='lat' dir='ltr'><strong>haeret</strong></span> <span class='ocrx_word' id='word_1_146' title='bbox 666 1195 710 1230; x_wconf 90' lang='lat' dir='ltr'><strong>et</strong></span> <span class='ocrx_word' id='word_1_147' title='bbox 738 1190 963 1241; x_wconf 86' lang='lat' dir='ltr'><strong>Strepsiadi</strong></span> <span class='ocrx_word' id='word_1_148' title='bbox 989 1189 1268 1242; x_wconf 84' lang='lat' dir='ltr'><strong>interroganti,</strong></span> <span class='ocrx_word' id='word_1_149' title='bbox 1297 1186 1395 1240; x_wconf 83' lang='lat' dir='ltr'><strong>quid</strong></span> 
     </span>
     <span class='ocr_line' id='line_1_20' title="bbox 51 1246 1397 1302; baseline -0.003 -14"><span class='ocrx_word' id='word_1_150' title='bbox 51 1254 164 1300; x_wconf 75' lang='lat' dir='ltr'><strong>agat,</strong></span> <span class='ocrx_word' id='word_1_151' title='bbox 201 1249 444 1301; x_wconf 73' lang='lat' dir='ltr'><strong>respondet,</strong></span> <span class='ocrx_word' id='word_1_152' title='bbox 483 1246 724 1302; x_wconf 75' lang='grc' dir='ltr'><em>ἀεροβατῶ</em></span> <span class='ocrx_word' id='word_1_153' title='bbox 779 1248 1011 1299; x_wconf 77' lang='lat' dir='ltr'><strong>Quanquam</strong></span> <span class='ocrx_word' id='word_1_154' title='bbox 1041 1247 1146 1286; x_wconf 89' lang='lat' dir='ltr'><strong>enim</strong></span> <span class='ocrx_word' id='word_1_155' title='bbox 1175 1247 1215 1285; x_wconf 89' lang='lat' dir='ltr'><strong>in</strong></span> <span class='ocrx_word' id='word_1_156' title='bbox 1241 1246 1397 1285; x_wconf 83' lang='lat' dir='ltr'><strong>nostris</strong></span> 
     </span>
     <span class='ocr_line' id='line_1_21' title="bbox 51 1303 1396 1356; baseline -0.003 -11"><span class='ocrx_word' id='word_1_157' title='bbox 51 1306 233 1346; x_wconf 80' lang='lat' dir='ltr'><strong>Nubibus</strong></span> <span class='ocrx_word' id='word_1_158' title='bbox 280 1306 379 1344; x_wconf 87' lang='lat' dir='ltr'><strong>nihil</strong></span> <span class='ocrx_word' id='word_1_159' title='bbox 428 1306 580 1344; x_wconf 84' lang='lat' dir='ltr'><strong>diserte</strong></span> <span class='ocrx_word' id='word_1_160' title='bbox 618 1305 764 1343; x_wconf 87' lang='lat' dir='ltr'><strong>dicitur</strong></span> <span class='ocrx_word' id='word_1_161' title='bbox 807 1304 858 1342; x_wconf 92' lang='lat' dir='ltr'><strong>de</strong></span> <span class='ocrx_word' id='word_1_162' title='bbox 896 1305 1029 1343; x_wconf 85' lang='lat' dir='ltr'><strong>corbis</strong></span> <span class='ocrx_word' id='word_1_163' title='bbox 1067 1304 1232 1356; x_wconf 86' lang='lat' dir='ltr'><strong>pensilis</strong></span> <span class='ocrx_word' id='word_1_164' title='bbox 1262 1303 1396 1355; x_wconf 79' lang='lat' dir='ltr'><strong>agita-</strong></span> 
     </span>
     <span class='ocr_line' id='line_1_22' title="bbox 51 1360 1396 1415; baseline -0.002 -12"><span class='ocrx_word' id='word_1_165' title='bbox 51 1364 187 1411; x_wconf 80' lang='lat' dir='ltr'><strong>tione,</strong></span> <span class='ocrx_word' id='word_1_166' title='bbox 226 1367 360 1402; x_wconf 87' lang='lat' dir='ltr'><strong>tamen</strong></span> <span class='ocrx_word' id='word_1_167' title='bbox 397 1362 519 1401; x_wconf 77' lang='lat' dir='ltr'><strong>facile</strong></span> <span class='ocrx_word' id='word_1_168' title='bbox 555 1365 619 1401; x_wconf 89' lang='lat' dir='ltr'><strong>est</strong></span> <span class='ocrx_word' id='word_1_169' title='bbox 653 1361 703 1400; x_wconf 87' lang='lat' dir='ltr'><strong>ad</strong></span> <span class='ocrx_word' id='word_1_170' title='bbox 752 1360 1079 1412; x_wconf 72' lang='lat' dir='ltr'><strong>intelligendum,</strong></span> <span class='ocrx_word' id='word_1_171' title='bbox 1126 1360 1396 1415; x_wconf 68' lang='grc' dir='ltr'><em>κρέμαῦραν</em></span> 
     </span>
     <span class='ocr_line' id='line_1_23' title="bbox 52 1416 1397 1467; baseline -0.003 -8"><span class='ocrx_word' id='word_1_172' title='bbox 52 1421 162 1461; x_wconf 82' lang='lat' dir='ltr'><strong>illam</strong></span> <span class='ocrx_word' id='word_1_173' title='bbox 191 1432 270 1458; x_wconf 90' lang='lat' dir='ltr'><strong>non</strong></span> <span class='ocrx_word' id='word_1_174' title='bbox 299 1420 465 1458; x_wconf 84' lang='lat' dir='ltr'><strong>stetisse</strong></span> <span class='ocrx_word' id='word_1_175' title='bbox 493 1420 610 1458; x_wconf 85' lang='lat' dir='ltr'><strong>fixam</strong></span> <span class='ocrx_word' id='word_1_176' title='bbox 646 1424 691 1458; x_wconf 92' lang='lat' dir='ltr'><strong>et</strong></span> <span class='ocrx_word' id='word_1_177' title='bbox 729 1419 997 1467; x_wconf 81' lang='lat' dir='ltr'><strong>immobilem,</strong></span> <span class='ocrx_word' id='word_1_178' title='bbox 1025 1417 1097 1456; x_wconf 89' lang='lat' dir='ltr'><strong>sed</strong></span> <span class='ocrx_word' id='word_1_179' title='bbox 1126 1418 1219 1457; x_wconf 88' lang='lat' dir='ltr'><strong>dum</strong></span> <span class='ocrx_word' id='word_1_180' title='bbox 1249 1416 1397 1456; x_wconf 85' lang='lat' dir='ltr'><strong>Socra-</strong></span> 
     </span>
     <span class='ocr_line' id='line_1_24' title="bbox 55 1475 1395 1528; baseline -0.002 -12"><span class='ocrx_word' id='word_1_181' title='bbox 55 1483 122 1518; x_wconf 84' lang='lat' dir='ltr'><strong>tes</strong></span> <span class='ocrx_word' id='word_1_182' title='bbox 159 1477 198 1515; x_wconf 90' lang='lat' dir='ltr'><strong>in</strong></span> <span class='ocrx_word' id='word_1_183' title='bbox 229 1490 275 1515; x_wconf 89' lang='lat' dir='ltr'><strong>ea</strong></span> <span class='ocrx_word' id='word_1_184' title='bbox 302 1476 514 1528; x_wconf 78' lang='lat' dir='ltr'><strong>penderet,</strong></span> <span class='ocrx_word' id='word_1_185' title='bbox 540 1476 620 1515; x_wconf 85' lang='lat' dir='ltr'><strong>huc</strong></span> <span class='ocrx_word' id='word_1_186' title='bbox 649 1480 692 1515; x_wconf 89' lang='lat' dir='ltr'><strong>et</strong></span> <span class='ocrx_word' id='word_1_187' title='bbox 719 1476 817 1514; x_wconf 88' lang='lat' dir='ltr'><strong>illuc</strong></span> <span class='ocrx_word' id='word_1_188' title='bbox 844 1480 994 1514; x_wconf 89' lang='lat' dir='ltr'><strong>motam</strong></span> <span class='ocrx_word' id='word_1_189' title='bbox 1021 1475 1173 1514; x_wconf 80' lang='lat' dir='ltr'><strong>fuisse=</strong></span> <span class='ocrx_word' id='word_1_190' title='bbox 1203 1486 1395 1526; x_wconf 86' lang='lat' dir='ltr'><strong>quorsum</strong></span> 
     </span>
     <span class='ocr_line' id='line_1_25' title="bbox 55 1529 1395 1587; baseline -0.004 -13"><span class='ocrx_word' id='word_1_191' title='bbox 55 1533 312 1574; x_wconf 87' lang='lat' dir='ltr'><strong>referendum</strong></span> <span class='ocrx_word' id='word_1_192' title='bbox 351 1538 417 1573; x_wconf 87' lang='lat' dir='ltr'><strong>est</strong></span> <span class='ocrx_word' id='word_1_193' title='bbox 446 1534 568 1572; x_wconf 86' lang='lat' dir='ltr'><strong>etiam</strong></span> <span class='ocrx_word' id='word_1_194' title='bbox 597 1532 707 1572; x_wconf 88' lang='lat' dir='ltr'><strong>istud</strong></span> <span class='ocrx_word' id='word_1_195' title='bbox 734 1529 977 1587; x_wconf 76' lang='grc' dir='ltr'><em>ἀεροβατῶ.</em></span> <span class='ocrx_word' id='word_1_196' title='bbox 1033 1531 1134 1571; x_wconf 90' lang='lat' dir='ltr'><strong>Nam</strong></span> <span class='ocrx_word' id='word_1_197' title='bbox 1165 1532 1199 1571; x_wconf 86' lang='lat' dir='ltr'><strong>si</strong></span> <span class='ocrx_word' id='word_1_198' title='bbox 1231 1532 1395 1583; x_wconf 75' lang='lat' dir='ltr'><strong>quietus</strong></span> 
     </span>
     <span class='ocr_line' id='line_1_26' title="bbox 54 1588 1398 1641; baseline -0.003 -10"><span class='ocrx_word' id='word_1_199' title='bbox 54 1590 125 1632; x_wconf 84' lang='lat' dir='ltr'><strong>ille</strong></span> <span class='ocrx_word' id='word_1_200' title='bbox 161 1591 434 1639; x_wconf 78' lang='lat' dir='ltr'><strong>consedisset,</strong></span> <span class='ocrx_word' id='word_1_201' title='bbox 473 1590 662 1641; x_wconf 77' lang='lat' dir='ltr'><strong>profecto</strong></span> <span class='ocrx_word' id='word_1_202' title='bbox 697 1602 776 1629; x_wconf 89' lang='lat' dir='ltr'><strong>non</strong></span> <span class='ocrx_word' id='word_1_203' title='bbox 819 1590 1023 1641; x_wconf 85' lang='lat' dir='ltr'><strong>potuisset</strong></span> <span class='ocrx_word' id='word_1_204' title='bbox 1059 1588 1309 1640; x_wconf 87' lang='lat' dir='ltr'><strong>respondere</strong></span> <span class='ocrx_word' id='word_1_205' title='bbox 1349 1600 1398 1627; x_wconf 88' lang='lat' dir='ltr'><strong>se</strong></span> 
     </span>
     <span class='ocr_line' id='line_1_27' title="bbox 54 1645 1396 1701; baseline -0.002 -14"><span class='ocrx_word' id='word_1_206' title='bbox 54 1661 130 1701; x_wconf 85' lang='lat' dir='ltr'><strong>per</strong></span> <span class='ocrx_word' id='word_1_207' title='bbox 167 1650 301 1687; x_wconf 70' lang='lat' dir='ltr'><strong>aerem</strong></span> <span class='ocrx_word' id='word_1_208' title='bbox 337 1648 603 1690; x_wconf 84' lang='lat' dir='ltr'><strong>incedere.</strong></span> <span class='ocrx_word' id='word_1_209' title='bbox 666 1648 864 1698; x_wconf 79' lang='lat' dir='ltr'><strong>Quocirca</strong></span> <span class='ocrx_word' id='word_1_210' title='bbox 900 1646 1086 1698; x_wconf 88' lang='lat' dir='ltr'><strong>equidem</strong></span> <span class='ocrx_word' id='word_1_211' title='bbox 1124 1659 1204 1685; x_wconf 90' lang='lat' dir='ltr'><strong>non</strong></span> <span class='ocrx_word' id='word_1_212' title='bbox 1233 1645 1396 1685; x_wconf 86' lang='lat' dir='ltr'><strong>credam</strong></span> 
     </span>
     <span class='ocr_line' id='line_1_28' title="bbox 57 1703 1399 1756; baseline -0.004 -10"><span class='ocrx_word' id='word_1_213' title='bbox 57 1705 326 1746; x_wconf 85' lang='lat' dir='ltr'><strong>Fritschio</strong></span> <span class='ocrx_word' id='word_1_214' title='bbox 364 1705 392 1746; x_wconf 87' lang='lat'><strong>1.</strong></span> <span class='ocrx_word' id='word_1_215' title='bbox 429 1718 463 1744; x_wconf 90' lang='lat' dir='ltr'><strong>c.</strong></span> <span class='ocrx_word' id='word_1_216' title='bbox 506 1718 543 1756; x_wconf 86' lang='lat' dir='ltr'><strong>p.</strong></span> <span class='ocrx_word' id='word_1_217' title='bbox 587 1704 681 1747; x_wconf 75' lang='lat'><strong>182</strong></span> <span class='ocrx_word' id='word_1_218' title='bbox 711 1704 990 1753; x_wconf 85' lang='lat' dir='ltr'><strong>contendenti,</strong></span> <span class='ocrx_word' id='word_1_219' title='bbox 1019 1704 1166 1742; x_wconf 82' lang='lat' dir='ltr'><strong>nuliam</strong></span> <span class='ocrx_word' id='word_1_220' title='bbox 1196 1703 1326 1742; x_wconf 82' lang='lat' dir='ltr'><strong>fnisse</strong></span> <span class='ocrx_word' id='word_1_221' title='bbox 1356 1703 1399 1742; x_wconf 88' lang='lat' dir='ltr'><strong>in</strong></span> 
     </span>
     <span class='ocr_line' id='line_1_29' title="bbox 58 1760 1401 1812; baseline -0.001 -10"><span class='ocrx_word' id='word_1_222' title='bbox 58 1763 220 1803; x_wconf 83' lang='lat' dir='ltr'><strong>theatro</strong></span> <span class='ocrx_word' id='word_1_223' title='bbox 259 1762 396 1802; x_wconf 86' lang='lat' dir='ltr'><strong>Attico</strong></span> <span class='ocrx_word' id='word_1_224' title='bbox 431 1763 674 1810; x_wconf 81' lang='lat' dir='ltr'><strong>machinam,</strong></span> <span class='ocrx_word' id='word_1_225' title='bbox 713 1763 825 1800; x_wconf 90' lang='lat' dir='ltr'><strong>cuius</strong></span> <span class='ocrx_word' id='word_1_226' title='bbox 873 1774 952 1812; x_wconf 89' lang='lat' dir='ltr'><strong>ope</strong></span> <span class='ocrx_word' id='word_1_227' title='bbox 1000 1762 1089 1812; x_wconf 80' lang='lat' dir='ltr'><strong>quis</strong></span> <span class='ocrx_word' id='word_1_228' title='bbox 1140 1761 1321 1800; x_wconf 86' lang='lat' dir='ltr'><strong>sublimis</strong></span> <span class='ocrx_word' id='word_1_229' title='bbox 1355 1760 1401 1801; x_wconf 83' lang='lat' dir='ltr'><strong>in</strong></span> 
     </span>
     <span class='ocr_line' id='line_1_30' title="bbox 61 1811 1400 1875; baseline -0.001 -16"><span class='ocrx_word' id='word_1_230' title='bbox 61 1822 158 1859; x_wconf 86' lang='lat' dir='ltr'><strong>aere</strong></span> <span class='ocrx_word' id='word_1_231' title='bbox 185 1832 341 1859; x_wconf 86' lang='lat' dir='ltr'><strong>sursum</strong></span> <span class='ocrx_word' id='word_1_232' title='bbox 380 1819 570 1858; x_wconf 86' lang='lat' dir='ltr'><strong>deorsum</strong></span> <span class='ocrx_word' id='word_1_233' title='bbox 600 1819 701 1858; x_wconf 87' lang='lat' dir='ltr'><strong>ferri</strong></span> <span class='ocrx_word' id='word_1_234' title='bbox 729 1820 938 1871; x_wconf 85' lang='lat' dir='ltr'><strong>potuerit,</strong></span> <span class='ocrx_word' id='word_1_235' title='bbox 964 1818 1140 1870; x_wconf 89' lang='lat' dir='ltr'><strong>ideoque</strong></span> <span class='ocrx_word' id='word_1_236' title='bbox 1167 1811 1400 1875; x_wconf 78' lang='grc' dir='ltr'><em>περιφεοό-</em></span> 
     </span>
     <span class='ocr_line' id='line_1_31' title="bbox 42 1875 1400 1931; baseline -0.001 -14.972"><span class='ocrx_word' id='word_1_237' title='bbox 42 1880 197 1931; x_wconf 80' lang='grc' dir='ltr'><em>μενον</em></span> <span class='ocrx_word' id='word_1_238' title='bbox 227 1877 511 1928; x_wconf 84' lang='lat' dir='ltr'><strong>interpretanti</strong></span> <span class='ocrx_word' id='word_1_239' title='bbox 546 1889 641 1928; x_wconf 87' lang='lat' dir='ltr'><strong>per</strong></span> <span class='ocrx_word' id='word_1_240' title='bbox 677 1877 889 1928; x_wconf 81' lang='lat' dir='ltr'><strong>plateas</strong></span> <span class='ocrx_word' id='word_1_241' title='bbox 943 1879 1224 1918; x_wconf 86' lang='lat' dir='ltr'><strong>errantem.</strong></span> <span class='ocrx_word' id='word_1_242' title='bbox 1297 1875 1400 1915; x_wconf 82' lang='lat' dir='ltr'><strong>Eam</strong></span> 
     </span>
     <span class='ocr_line' id='line_1_32' title="bbox 63 1932 1402 1985; baseline -0.001 -13"><span class='ocrx_word' id='word_1_243' title='bbox 63 1934 169 1973; x_wconf 89' lang='lat' dir='ltr'><strong>enim</strong></span> <span class='ocrx_word' id='word_1_244' title='bbox 197 1933 572 1985; x_wconf 84' lang='lat' dir='ltr'><strong>interpretationem</strong></span> <span class='ocrx_word' id='word_1_245' title='bbox 603 1946 682 1973; x_wconf 90' lang='lat' dir='ltr'><strong>non</strong></span> <span class='ocrx_word' id='word_1_246' title='bbox 710 1934 795 1973; x_wconf 86' lang='lat' dir='ltr'><strong>fert</strong></span> <span class='ocrx_word' id='word_1_247' title='bbox 823 1934 952 1973; x_wconf 80' lang='lat' dir='ltr'><strong>totius</strong></span> <span class='ocrx_word' id='word_1_248' title='bbox 979 1932 1060 1972; x_wconf 89' lang='lat' dir='ltr'><strong>loci</strong></span> <span class='ocrx_word' id='word_1_249' title='bbox 1088 1934 1301 1974; x_wconf 80' lang='lat' dir='ltr'><strong>sententia.</strong></span> <span class='ocrx_word' id='word_1_250' title='bbox 1339 1933 1402 1972; x_wconf 79' lang='lat' dir='ltr'><strong>Ac</strong></span> 
     </span>
     <span class='ocr_line' id='line_1_33' title="bbox 65 1989 1404 2044; baseline -0.001 -14"><span class='ocrx_word' id='word_1_251' title='bbox 65 1990 103 2030; x_wconf 80' lang='lat' dir='ltr'><strong>si</strong></span> <span class='ocrx_word' id='word_1_252' title='bbox 129 1989 319 2029; x_wconf 82' lang='lat' dir='ltr'><strong>Socrates</strong></span> <span class='ocrx_word' id='word_1_253' title='bbox 346 1991 386 2029; x_wconf 90' lang='lat' dir='ltr'><strong>in</strong></span> <span class='ocrx_word' id='word_1_254' title='bbox 413 1992 538 2031; x_wconf 81' lang='lat' dir='ltr'><strong>corbe</strong></span> <span class='ocrx_word' id='word_1_255' title='bbox 563 1991 710 2044; x_wconf 87' lang='lat' dir='ltr'><strong>nensili</strong></span> <span class='ocrx_word' id='word_1_256' title='bbox 737 1991 896 2039; x_wconf 60' lang='lat' dir='ltr'><strong>haesit,</strong></span> <span class='ocrx_word' id='word_1_257' title='bbox 912 2003 965 2029; x_wconf 89' lang='lat' dir='ltr'><strong>ne</strong></span> <span class='ocrx_word' id='word_1_258' title='bbox 984 1990 1224 2042; x_wconf 64' lang='lat' dir='ltr'><strong>intelligimi-</strong></span> <span class='ocrx_word' id='word_1_259' title='bbox 1242 1990 1404 2043; x_wconf 86' lang='lat' dir='ltr'><strong>quidem</strong></span> 
     </span>
     <span class='ocr_line' id='line_1_34' title="bbox 66 2047 1406 2100; baseline 0 -14"><span class='ocrx_word' id='word_1_260' title='bbox 66 2047 134 2100; x_wconf 87' lang='lat' dir='ltr'><strong>qui</strong></span> <span class='ocrx_word' id='word_1_261' title='bbox 171 2059 250 2086; x_wconf 91' lang='lat' dir='ltr'><strong>non</strong></span> <span class='ocrx_word' id='word_1_262' title='bbox 289 2049 467 2100; x_wconf 90' lang='lat' dir='ltr'><strong>potuerit</strong></span> <span class='ocrx_word' id='word_1_263' title='bbox 501 2049 581 2087; x_wconf 86' lang='lat' dir='ltr'><strong>huc</strong></span> <span class='ocrx_word' id='word_1_264' title='bbox 619 2053 662 2087; x_wconf 91' lang='lat' dir='ltr'><strong>et</strong></span> <span class='ocrx_word' id='word_1_265' title='bbox 697 2048 794 2087; x_wconf 87' lang='lat' dir='ltr'><strong>illuc</strong></span> <span class='ocrx_word' id='word_1_266' title='bbox 834 2048 988 2099; x_wconf 83' lang='lat' dir='ltr'><strong>agitari.</strong></span> <span class='ocrx_word' id='word_1_267' title='bbox 1044 2047 1240 2088; x_wconf 86' lang='lat' dir='ltr'><strong>Videmus</strong></span> <span class='ocrx_word' id='word_1_268' title='bbox 1278 2049 1406 2100; x_wconf 85' lang='lat' dir='ltr'><strong>igitur</strong></span> 
     </span>
     <span class='ocr_line' id='line_1_35' title="bbox 64 2104 1406 2157; baseline 0.001 -15"><span class='ocrx_word' id='word_1_269' title='bbox 64 2104 131 2143; x_wconf 76' lang='lat' dir='ltr'><strong>&#39;vel</strong></span> <span class='ocrx_word' id='word_1_270' title='bbox 167 2106 370 2143; x_wconf 82' lang='lat' dir='ltr'><strong>scenicum</strong></span> <span class='ocrx_word' id='word_1_271' title='bbox 403 2104 563 2145; x_wconf 82' lang='lat' dir='ltr'><strong>fabulae</strong></span> <span class='ocrx_word' id='word_1_272' title='bbox 596 2110 827 2157; x_wconf 73' lang='lat' dir='ltr'><strong>apparatum</strong></span> <span class='ocrx_word' id='word_1_273' title='bbox 867 2107 908 2145; x_wconf 93' lang='lat' dir='ltr'><strong>in</strong></span> <span class='ocrx_word' id='word_1_274' title='bbox 955 2106 1038 2144; x_wconf 84' lang='lat' dir='ltr'><strong>ista</strong></span> <span class='ocrx_word' id='word_1_275' title='bbox 1082 2104 1243 2156; x_wconf 86' lang='lat' dir='ltr'><strong>quidem</strong></span> <span class='ocrx_word' id='word_1_276' title='bbox 1287 2108 1406 2157; x_wconf 86' lang='lat' dir='ltr'><strong>parte</strong></span> 
     </span>
     <span class='ocr_line' id='line_1_36' title="bbox 63 2150 1406 2215; baseline 0.002 -16.016"><span class='ocrx_word' id='word_1_277' title='bbox 63 2150 165 2200; x_wconf 86' lang='lat' dir='ltr'><strong>olim</strong></span> <span class='ocrx_word' id='word_1_278' title='bbox 203 2161 373 2201; x_wconf 89' lang='lat' dir='ltr'><strong>eundem</strong></span> <span class='ocrx_word' id='word_1_279' title='bbox 404 2161 553 2211; x_wconf 86' lang='lat' dir='ltr'><strong>fuisse,</strong></span> <span class='ocrx_word' id='word_1_280' title='bbox 584 2164 651 2215; x_wconf 84' lang='lat' dir='ltr'><strong>qui</strong></span> <span class='ocrx_word' id='word_1_281' title='bbox 679 2175 782 2202; x_wconf 87' lang='lat' dir='ltr'><strong>nunc</strong></span> <span class='ocrx_word' id='word_1_282' title='bbox 811 2167 888 2205; x_wconf 83' lang='lat' dir='ltr'><strong>est.</strong></span> <span class='ocrx_word' id='word_1_283' title='bbox 944 2161 1034 2200; x_wconf 83' lang='lat' dir='ltr'><strong>Non</strong></span> <span class='ocrx_word' id='word_1_284' title='bbox 1064 2163 1192 2202; x_wconf 87' lang='lat' dir='ltr'><strong>minus</strong></span> <span class='ocrx_word' id='word_1_285' title='bbox 1221 2166 1286 2202; x_wconf 86' lang='lat' dir='ltr'><strong>est</strong></span> <span class='ocrx_word' id='word_1_286' title='bbox 1314 2175 1406 2202; x_wconf 85' lang='lat' dir='ltr'><strong>me-</strong></span> 
     </span>
     <span class='ocr_line' id='line_1_37' title="bbox 69 2218 1409 2272; baseline 0 -14"><span class='ocrx_word' id='word_1_287' title='bbox 69 2219 272 2258; x_wconf 81' lang='lat' dir='ltr'><strong>morabilis</strong></span> <span class='ocrx_word' id='word_1_288' title='bbox 311 2219 424 2258; x_wconf 88' lang='lat' dir='ltr'><strong>locus</strong></span> <span class='ocrx_word' id='word_1_289' title='bbox 463 2219 663 2271; x_wconf 88' lang='lat' dir='ltr'><strong>Symposii</strong></span> <span class='ocrx_word' id='word_1_290' title='bbox 699 2233 739 2272; x_wconf 87' lang='lat' dir='ltr'><strong>p.</strong></span> <span class='ocrx_word' id='word_1_291' title='bbox 777 2220 874 2262; x_wconf 74' lang='lat'><strong>221.</strong></span> <span class='ocrx_word' id='word_1_292' title='bbox 914 2219 961 2259; x_wconf 91' lang='grc' dir='ltr'><strong>Β.</strong></span> <span class='ocrx_word' id='word_1_293' title='bbox 1000 2219 1068 2258; x_wconf 86' lang='lat' dir='ltr'><strong>ubi</strong></span> <span class='ocrx_word' id='word_1_294' title='bbox 1097 2219 1149 2259; x_wconf 87' lang='lat' dir='ltr'><strong>de</strong></span> <span class='ocrx_word' id='word_1_295' title='bbox 1176 2219 1275 2271; x_wconf 82' lang='lat' dir='ltr'><strong>fuga</strong></span> <span class='ocrx_word' id='word_1_296' title='bbox 1302 2218 1409 2271; x_wconf 83' lang='lat' dir='ltr'><strong>apud</strong></span> 
     </span>
     <span class='ocr_line' id='line_1_38' title="bbox 70 2274 1410 2346; baseline 0.003 -32"><span class='ocrx_word' id='word_1_297' title='bbox 70 2274 228 2315; x_wconf 84' lang='lat' dir='ltr'><strong>Delium</strong></span> <span class='ocrx_word' id='word_1_298' title='bbox 266 2289 442 2315; x_wconf 87' lang='lat' dir='ltr'><strong>narrans</strong></span> <span class='ocrx_word' id='word_1_299' title='bbox 467 2277 718 2319; x_wconf 78' lang='lat' dir='ltr'><strong>Alcibiades.</strong></span> <span class='ocrx_word' id='word_1_300' title='bbox 762 2276 937 2318; x_wconf 68' lang='grc' dir='ltr'><em>φτοῶτον</em></span> <span class='ocrx_word' id='word_1_301' title='bbox 966 2276 1047 2329; x_wconf 77' lang='grc' dir='ltr'><strong>μὲν</strong></span> <span class='ocrx_word' id='word_1_302' title='bbox 1075 2274 1260 2346; x_wconf 79' lang='grc' dir='ltr'><strong>(εἶδον),</strong></span> <span class='ocrx_word' id='word_1_303' title='bbox 1298 2274 1410 2318; x_wconf 82' lang='grc' dir='ltr'><strong>ὅσον</strong></span> 
     </span>
     <span class='ocr_line' id='line_1_39' title="bbox 74 2327 1410 2402; baseline 0.002 -29"><span class='ocrx_word' id='word_1_304' title='bbox 74 2345 232 2397; x_wconf 67' lang='lat' dir='ltr'><strong>nepem}</strong></span> <span class='ocrx_word' id='word_1_305' title='bbox 252 2327 462 2401; x_wconf 77' lang='grc' dir='ltr'><em>Λάχητος</em></span> <span class='ocrx_word' id='word_1_306' title='bbox 499 2333 561 2385; x_wconf 76' lang='grc' dir='ltr'><strong>τῷ</strong></span> <span class='ocrx_word' id='word_1_307' title='bbox 588 2336 768 2402; x_wconf 73' lang='grc' dir='ltr'><em>ἔμφρων</em></span> <span class='ocrx_word' id='word_1_308' title='bbox 797 2348 829 2376; x_wconf 68' lang='grc' dir='ltr'><strong>ει</strong></span> <span class='ocrx_word' id='word_1_309' title='bbox 819 2330 934 2374; x_wconf 71' lang='lat' dir='ltr'><strong>&#39;‘vm·</strong></span> <span class='ocrx_word' id='word_1_310' title='bbox 966 2333 1112 2374; x_wconf 65' lang='grc' dir='ltr'><em>ἔπειτα</em></span> <span class='ocrx_word' id='word_1_311' title='bbox 1142 2333 1289 2388; x_wconf 73' lang='grc' dir='ltr'><em>ἔμοιγε</em></span> <span class='ocrx_word' id='word_1_312' title='bbox 1318 2328 1410 2375; x_wconf 77' lang='grc' dir='ltr'><em>ἐδό-</em></span> 
     </span>
     <span class='ocr_line' id='line_1_40' title="bbox 77 2382 1412 2456; baseline 0.001 -27"><span class='ocrx_word' id='word_1_313' title='bbox 77 2402 162 2437; x_wconf 75' lang='grc' dir='ltr'><strong>κει,</strong></span> <span class='ocrx_word' id='word_1_314' title='bbox 201 2382 232 2429; x_wconf 82' lang='grc' dir='ltr'><em>ὦ</em></span> <span class='ocrx_word' id='word_1_315' title='bbox 270 2385 605 2456; x_wconf 76' lang='grc' dir='ltr'><strong>Ἀοιστόφανες,</strong></span> <span class='ocrx_word' id='word_1_316' title='bbox 633 2387 684 2432; x_wconf 81' lang='grc' dir='ltr'><strong>τὸ</strong></span> <span class='ocrx_word' id='word_1_317' title='bbox 715 2386 796 2432; x_wconf 82' lang='grc' dir='ltr'><strong>σὸν</strong></span> <span class='ocrx_word' id='word_1_318' title='bbox 833 2390 887 2441; x_wconf 82' lang='grc' dir='ltr'><strong>οη</strong></span> <span class='ocrx_word' id='word_1_319' title='bbox 915 2390 1074 2439; x_wconf 79' lang='grc' dir='ltr'><em>τοῦτο,</em></span> <span class='ocrx_word' id='word_1_320' title='bbox 1101 2391 1175 2432; x_wconf 85' lang='grc' dir='ltr'><strong>καὶ</strong></span> <span class='ocrx_word' id='word_1_321' title='bbox 1203 2393 1290 2432; x_wconf 76' lang='grc' dir='ltr'><strong><em>ἐκεῖ</em></strong></span> <span class='ocrx_word' id='word_1_322' title='bbox 1319 2391 1412 2432; x_wconf 81' lang='grc' dir='ltr'><em>δια-</em></span> 
     </span>
     <span class='ocr_line' id='line_1_41' title="bbox 78 2441 1414 2515; baseline 0.004 -30.004"><span class='ocrx_word' id='word_1_323' title='bbox 78 2441 350 2499; x_wconf 65' lang='grc' dir='ltr'><em>πορεύεσθαι</em></span> <span class='ocrx_word' id='word_1_324' title='bbox 380 2443 518 2512; x_wconf 75' lang='grc' dir='ltr'><em>ὥςπερ</em></span> <span class='ocrx_word' id='word_1_325' title='bbox 549 2448 623 2488; x_wconf 82' lang='grc' dir='ltr'><strong>καὶ</strong></span> <span class='ocrx_word' id='word_1_326' title='bbox 651 2444 839 2496; x_wconf 51' lang='lat' dir='ltr'><strong>evaei-(5³,</strong></span> <span class='ocrx_word' id='word_1_327' title='bbox 865 2442 1296 2515; x_wconf 71' lang='grc' dir='ltr'><strong>βρενθυόμενος</strong></span> <span class='ocrx_word' id='word_1_328' title='bbox 1320 2448 1414 2490; x_wconf 80' lang='grc' dir='ltr'><strong>καὶ</strong></span> 
     </span>
     <span class='ocr_line' id='line_1_42' title="bbox 80 2489 1415 2571; baseline 0.003 -29"><span class='ocrx_word' id='word_1_329' title='bbox 80 2498 403 2568; x_wconf 72' lang='grc' dir='ltr'><em>τωφθαλμω</em></span> <span class='ocrx_word' id='word_1_330' title='bbox 469 2489 864 2571; x_wconf 72' lang='grc' dir='ltr'><em>παραβάλλων,</em></span> <span class='ocrx_word' id='word_1_331' title='bbox 921 2502 1066 2560; x_wconf 80' lang='grc' dir='ltr'><em>ηοέμα</em></span> <span class='ocrx_word' id='word_1_332' title='bbox 1114 2505 1415 2558; x_wconf 77' lang='grc' dir='ltr'><em>παρασκοπῶν</em></span> 
     </span>
     <span class='ocr_line' id='line_1_43' title="bbox 83 2555 1418 2624; baseline 0.002 -25"><span class='ocrx_word' id='word_1_333' title='bbox 83 2558 157 2599; x_wconf 84' lang='grc' dir='ltr'><strong>καὶ</strong></span> <span class='ocrx_word' id='word_1_334' title='bbox 184 2555 288 2607; x_wconf 78' lang='grc' dir='ltr'><em>τοὺς</em></span> <span class='ocrx_word' id='word_1_335' title='bbox 316 2560 493 2612; x_wconf 69' lang='grc' dir='ltr'><strong>φιλίοις</strong></span> <span class='ocrx_word' id='word_1_336' title='bbox 523 2562 596 2601; x_wconf 83' lang='grc' dir='ltr'><strong>καὶ</strong></span> <span class='ocrx_word' id='word_1_337' title='bbox 624 2558 727 2611; x_wconf 75' lang='grc' dir='ltr'><em>τοὺς</em></span> <span class='ocrx_word' id='word_1_338' title='bbox 754 2562 1003 2624; x_wconf 79' lang='grc' dir='ltr'><strong>πολεμίους.</strong></span> <span class='ocrx_word' id='word_1_339' title='bbox 1035 2574 1137 2614; x_wconf 85' lang='lat' dir='ltr'><strong>quae</strong></span> <span class='ocrx_word' id='word_1_340' title='bbox 1174 2564 1260 2615; x_wconf 82' lang='lat' dir='ltr'><strong>ipsa</strong></span> <span class='ocrx_word' id='word_1_341' title='bbox 1295 2564 1418 2602; x_wconf 65' lang='lat' dir='ltr'><strong>xerba</strong></span> 
     </span>
     <span class='ocr_line' id='line_1_44' title="bbox 83 2609 1421 2674; baseline 0.004 -21"><span class='ocrx_word' id='word_1_342' title='bbox 83 2609 270 2667; x_wconf 80' lang='lat' dir='ltr'><strong>leguntur</strong></span> <span class='ocrx_word' id='word_1_343' title='bbox 296 2616 426 2659; x_wconf 89' lang='lat' dir='ltr'><strong>Nubb.</strong></span> <span class='ocrx_word' id='word_1_344' title='bbox 454 2631 489 2659; x_wconf 83' lang='lat' dir='ltr'><strong>v.</strong></span> <span class='ocrx_word' id='word_1_345' title='bbox 520 2618 617 2660; x_wconf 76' lang='lat'><strong>361.</strong></span> <span class='ocrx_word' id='word_1_346' title='bbox 647 2615 718 2659; x_wconf 80' lang='grc' dir='ltr'><strong>ὅτι</strong></span> <span class='ocrx_word' id='word_1_347' title='bbox 744 2613 960 2674; x_wconf 74' lang='grc' dir='ltr'><strong>βοενθύει</strong></span> <span class='ocrx_word' id='word_1_348' title='bbox 987 2616 1025 2659; x_wconf 82' lang='grc' dir='ltr'><strong>τ’</strong></span> <span class='ocrx_word' id='word_1_349' title='bbox 1058 2621 1103 2658; x_wconf 82' lang='grc' dir='ltr'><strong>ὲν</strong></span> <span class='ocrx_word' id='word_1_350' title='bbox 1126 2626 1273 2661; x_wconf 77' lang='grc' dir='ltr'><em>ταῖσιν</em></span> <span class='ocrx_word' id='word_1_351' title='bbox 1295 2618 1421 2667; x_wconf 77' lang='grc' dir='ltr'><em>ὁδοῖς</em></span> 
     </span>
     <span class='ocr_line' id='line_1_45' title="bbox 86 2663 1423 2730; baseline 0.001 -17"><span class='ocrx_word' id='word_1_352' title='bbox 86 2673 159 2713; x_wconf 88' lang='grc' dir='ltr'><strong>καὶ</strong></span> <span class='ocrx_word' id='word_1_353' title='bbox 196 2670 460 2729; x_wconf 65' lang='grc' dir='ltr'><em>τώφθεὰμώ</em></span> <span class='ocrx_word' id='word_1_354' title='bbox 510 2663 817 2730; x_wconf 72' lang='grc' dir='ltr'><strong>πεεοαβά2.λεις.</strong></span> <span class='ocrx_word' id='word_1_355' title='bbox 883 2676 996 2715; x_wconf 78' lang='lat' dir='ltr'><strong>llaec</strong></span> <span class='ocrx_word' id='word_1_356' title='bbox 1033 2676 1157 2729; x_wconf 83' lang='lat' dir='ltr'><strong>igitur</strong></span> <span class='ocrx_word' id='word_1_357' title='bbox 1195 2678 1423 2717; x_wconf 84' lang='lat' dir='ltr'><strong>certissime</strong></span> 
     </span>
     <span class='ocr_line' id='line_1_46' title="bbox 88 2732 1426 2791; baseline 0.004 -22"><span class='ocrx_word' id='word_1_358' title='bbox 88 2734 261 2782; x_wconf 76' lang='lat' dir='ltr'><strong>arguunt</strong></span> <span class='ocrx_word' id='word_1_359' title='bbox 306 2732 530 2774; x_wconf 81' lang='lat' dir='ltr'><strong>universam</strong></span> <span class='ocrx_word' id='word_1_360' title='bbox 568 2733 729 2789; x_wconf 76' lang='lat' dir='ltr'><strong>quidem</strong></span> <span class='ocrx_word' id='word_1_361' title='bbox 764 2738 880 2774; x_wconf 82' lang='lat' dir='ltr'><strong>certe</strong></span> <span class='ocrx_word' id='word_1_362' title='bbox 920 2732 1083 2776; x_wconf 80' lang='lat' dir='ltr'><strong>fabulae</strong></span> <span class='ocrx_word' id='word_1_363' title='bbox 1111 2733 1426 2791; x_wconf 75' lang='lat' dir='ltr'><strong>descriptionem</strong></span> 
     </span>
    </p>
   </div>
   <div class='ocr_carea' id='block_1_3' title="bbox 0 0 29 648">
    <p class='ocr_par' dir='ltr' id='par_1_3' title="bbox 0 0 29 648">
     <span class='ocr_line' id='line_1_47' title="bbox 0 0 29 648; baseline 0 2256"><span class='ocrx_word' id='word_1_364' title='bbox 0 0 29 648; x_wconf 95' lang='lat' dir='ltr'><strong> </strong></span> 
     </span>
    </p>
   </div>
  </div>
 </body>
</html>
