1624 2904
230 151 324 194 DE.
351 141 772 190 EUTHYDEMO
809 138 1159 183 PLATole.
1318 140 1375 180 19

32 268 238 316 accidere,
276 269 323 305 ut
357 264 460 303 haec
499 273 588 302 cum
625 259 697 300 illa
730 258 780 297 ab
809 256 1039 301 hominibus
1070 253 1303 296 semidoctis
1321 260 1378 322 ‘et

35 326 258 379 sapientiae
287 322 479 374 opinione
506 318 658 358 inflatis
687 321 844 356 temere
880 318 1141 365 permutetur
1168 317 1297 381 atque.
1318 318 1378 352 ita

34 383 236 424 immerito
278 379 470 420 infamiae
518 374 691 415 maculis
722 372 991 425 adspergatur
1009 367 1066 424 *).
1132 371 1196 409 Ex
1233 370 1376 422 qulbus

33 444 205 493 apparet
240 436 340 477 illud
376 445 534 487 quoque
566 432 631 483 agi
658 433 699 470 in
726 429 807 469 hoc
834 429 963 478 libro,
1000 433 1047 466 nt
1075 426 1283 467 Socratica
1309 440 1377 467 ra·-

34 499 94 538 tio
139 501 261 548 atque
299 495 390 546 ipse
442 490 635 530 Socrates
680 488 730 527 ab
780 486 907 526 inanis
953 485 1062 524 illius
1114 485 1380 536 sophisticae,

34 554 308 607 pulcherrime
346 558 442 589 sane
485 545 737 598 descriptae,
773 544 941 584 crimine
969 542 1277 594 acrsuspicione
1307 542 1379 583 de·

37 611 241 651 fendatur.

147 688 230 728 Iam
265 684 472 738 patefacta
506 683 549 723 in
588 682 819 722 universum
846 680 941 720 libri
968 683 1059 720 arte
1088 678 1381 720 demonstrata-

37 757 116 799 qne
147 744 234 784 eius
261 743 418 782 unitate
445 745 567 793 atquc
597 740 772 792 partium
800 738 1078 778 convenientia
1108 738 1305 789 sequitur,
1336 742 1382 778 ut

35 804 315 855 argumentum
353 800 442 839 eius
480 810 739 845 enarremus,
785 808 864 847 quo
915 794 1126 835 dilucidius
1171 800 1381 846 appareat,

35 871 114 912 quo
150 859 239 898 iure
273 857 331 896 ita
369 856 421 895 de
456 866 647 907 supremo
687 853 824 906 operis
866 853 949 892 fine
978 857 1022 891 et
1052 853 1267 904 proposito
1297 857 1382 892 sta-

34 915 226 956 tuendum
265 914 552 955 existimemus.
618 911 734 962 Quod
774 909 936 962 quidem
971 910 1031 949 ita
1058 909 1199 948 facere
1229 910 1382 949 consti-

36 974 211 1021 tuimus,
235 975 282 1011 ut
310 971 345 1010 si
374 969 469 1023 qnid
497 969 564 1008 vel
592 968 860 1020 explicatione
883 967 948 1006 vel
968 968 1089 1006 etiam
1111 967 1383 1007 admonitione

37 1030 168 1082 aliqua
207 1028 414 1080 indigeat,
451 1026 492 1066 id
528 1025 669 1065 ordine
711 1024 905 1075 deinceps
936 1036 1009 1063 suo
1038 1023 1131 1063 loco
1160 1024 1382 1064 intersera-

37 1099 140 1127 mus.
205 1084 309 1125 Nam
338 1085 395 1124 ita
419 1087 535 1123 certe
563 1083 661 1132 fiet,
690 1085 737 1121 ut
760 1086 803 1121 et
830 1081 1010 1120 Platonis
1042 1082 1246 1120 sententia
1276 1081 1384 1122 faci-

37 1144 118 1184 lius
145 1142 398 1195 percipiatur
426 1145 469 1181 et
497 1143 638 1180 nostra
668 1139 773 1178 ratio
802 1142 988 1190 tanquam
1006 1144 1119 1179 certo
1143 1138 1382 1180 fundamen-

38 1205 84 1240 to
119 1199 338 1248 fulciatur,
375 1202 496 1251 atque
529 1200 798 1238 sustentetur.
856 1195 1069 1237 Faciemus
1097 1200 1232 1236 autem
1261 1209 1384 1238 enar-

36 1256 151 1298 randi
176 1257 333 1297 initium
361 1256 411 1296 ab
439 1256 532 1308 ipso
563 1254 762 1294 sermonis
792 1253 971 1294 exordio.

155 1347 434 1398 conspexerat
463 1344 600 1392 Crito,
628 1343 903 1384 nobilissimus
920 1343 991 1382 ille
1017 1342 1199 1383 Socratis
1218 1344 1385 1395 amicus,

46 1404 154 1444 hunc
184 1403 426 1442 familiarem
463 1413 578 1440 suum
607 1401 648 1440 in
676 1400 813 1452 Lyceo
843 1413 934 1440 cum
963 1402 1190 1453 peregrinis
1221 1402 1386 1453 quibus-

42 1461 135 1502 dam
178 1459 408 1500 hominibus
448 1457 740 1506 disserentem,
777 1469 853 1496 nec
899 1461 1033 1496 tamen
1080 1459 1172 1509 ipse
1215 1464 1388 1511 propter

41 1518 200 1557 turbam
238 1516 446 1555 hominum
484 1526 555 1553 eos
585 1514 830 1566 cingentium
860 1514 1063 1566 colloquio
1091 1515 1294 1555 interesse
1320 1516 1388 1557 vel

42 1574 271 1614 auscultare
299 1574 502 1625 potuerat.
559 1571 759 1621 Quocirca
774 1570 999 1610 Socratem
1026 1572 1266 1624 interrogat,
1297 1574 1386 1625 qui-

41 1643 132 1670 nam
166 1631 237 1670 isti
273 1629 458 1668 homines
496 1627 649 1667 fuerint
679 1632 721 1667 et
751 1641 827 1679 qua
857 1629 1110 1681 potissimum
1140 1635 1229 1669 arte
1259 1631 1387 1670 confi-

42 1687 153 1729 dant.
213 1686 289 1726 Cui
319 1686 387 1725 hic
414 1684 640 1737 respondet
668 1685 852 1724 homines
886 1685 1016 1726 fuisse
1046 1686 1196 1735 Chios,
1224 1688 1387 1728 nomine

44 1742 343 1795 Euthydemum
382 1746 426 1782 et
466 1741 812 1793 Dionysodorum,
841 1742 1015 1792 fratres,
1045 1745 1111 1795 qui
1141 1745 1238 1784 olim
1267 1746 1388 1785 Thu-

42 1802 127 1841 rios
158 1800 441 1852 migraverint,
470 1799 564 1837 inde
592 1811 690 1838 vero
720 1799 978 1851 confugerint
1006 1802 1046 1839 in
1075 1802 1276 1850 Atticam,
1317 1804 1388 1845 ubi

44 1858 122 1897 iam
150 1870 228 1910 per
255 1858 408 1908 aliquot
437 1868 560 1895 annos
590 1857 671 1895 sint
701 1858 950 1896 commorati.
1008 1857 1298 1899 Admirabilem
1312 1873 1388 1900 au-

45 1919 131 1955 tem
159 1915 216 1954 ait
245 1926 339 1954 esse
367 1914 612 1965 sapientiae,
643 1926 719 1965 qua
747 1913 950 1965 polleant,
980 1916 1138 1967 copiam
1168 1920 1212 1956 et
1240 1918 1389 1970 ampli-

48 1971 255 2021 tudinem,
293 1975 340 2010 ut
374 1971 444 2010 isti
473 1970 632 2009 demum
669 1982 745 2022 pro
776 1971 977 2022 perfectis
1008 1968 1281 2027 ὁπλομάχοις
1314 1975 1389 2015 ha-

42 2029 135 2068 beri
165 2032 208 2068 et
236 2028 395 2080 possint
419 2031 462 2074 et
491 2027 676 2067 debeant.
744 2028 846 2067 Nam
875 2034 1042 2080 praeter
1068 2043 1270 2071 armorum
1298 2036 1391 2072 tra-

48 2085 283 2126 ctandorum
323 2085 507 2137 peritiam
547 2097 619 2124 eos
648 2085 973 2137 gravissimorum
1003 2089 1233 2127 certaminis
1262 2101 1389 2141 gene-

46 2155 138 2182 rum
176 2142 343 2182 scientia
382 2141 606 2191 excellere,
646 2155 767 2194 quum
807 2146 851 2182 et
889 2143 1114 2184 forensium
1164 2147 1392 2188 orationum

51 2200 315 2252 scriptionem
355 2201 519 2240 teneant
554 2199 815 2241 callidissime
842 2200 1090 2254 eandemque
1113 2203 1202 2244 aliis
1232 2216 1394 2258 quoque

97 2400 137 2442 ²⁸)
159 2402 218 2444 ld,
245 2400 347 2433 sicuti
371 2401 460 2442 alia,
493 2410 562 2434 non
585 2403 762 2443 perspexit
785 2402 841 2436 vir
864 2405 984 2437 doctu·
1008 2406 1164 2448 qnidam,
1196 2406 1255 2447 qui
1279 2417 1395 2448 nuper

162 2447 202 2478 in
234 2447 346 2479 diario
376 2449 524 2486 quodam
554 2449 595 2479 de
626 2449 678 2481 his
712 2451 812 2482 rebus
848 2452 1059 2484 sententiani
1089 2454 1184 2484 ferre
1209 2454 1394 2489 sustinuit.

162 2494 295 2532 Nempe
317 2493 349 2525 ia
379 2494 506 2525 unitati
531 2493 615 2525 arlia
639 2496 813 2526 adversari
845 2500 964 2538 putat,
996 2498 1084 2537 quod
1116 2499 1216 2537 plura.
1246 2500 1395 2532 tractari

166 2538 349 2570 videantur
380 2542 595 2580 argumenta.
640 2541 705 2572 Sed
736 2543 900 2574 nimirum
932 2544 1046 2575 bonus
1082 2545 1182 2576 homo
1206 2551 1251 2577 ne
1276 2547 1396 2578 Crito-

166 2593 246 2615 nem
269 2585 403 2623 quidem
429 2586 644 2617 Platonicum
669 2588 804 2618 videtur
829 2590 1025 2627 percepisse
1049 2591 1108 2621 aut
1132 2591 1280 2631 legisse3
1302 2593 1395 2623 alio-

164 2629 247 2668 quin
278 2630 357 2668 quid
389 2631 430 2661 de
462 2632 526 2662 hoc
556 2632 711 2664 Platonis
745 2634 888 2665 artificio
914 2635 1133 2667 iudicandum
1157 2640 1266 2678 earet,
1299 2640 1394 2669 certe

165 2674 385 2713 aliquatenus
415 2677 548 2708 sentire
577 2678 757 2716 potuisset.
805 2682 905 2711 Nunc
928 2682 996 2714 iste
1020 2683 1062 2714 de
1086 2686 1164 2715 arte
1191 2683 1229 2716 in
1256 2683 1393 2723 Enthy-

164 2719 263 2753 demo
289 2722 477 2762 conspicua
500 2732 562 2756 auo
585 2725 685 2756 modo
708 2724 890 2759 indicavit.
