1624 2904
490 147 563 190 An
592 110 915 192 MaNoNnMJ
1311 115 1374 184 'o

26 270 242 318 Socrates,
277 267 350 319 qui·
382 265 454 314 lis,
493 265 560 316 qui
597 275 674 302 una
709 261 944 300 coniectura
982 260 1024 300 in
1059 259 1215 313 agendo
1245 271 1371 312 rege-

25 334 183 376 rentur,
220 321 420 378 εὐτυχίαν
458 322 617 374 quidem
657 319 883 366 concessit,
933 313 1172 372 εὐπραξίαν
1219 321 1371 366 autem,

26 397 130 438 quae
157 397 180 422 a
215 382 320 421 recti
349 380 522 430 bonique
550 377 718 418 scIentia
744 379 787 414 et
823 375 1058 427 cognitione
1083 375 1371 426 proficiscere-

26 448 117 490 tur,
159 439 319 493 penitus
348 436 594 490 eripiendam
620 433 832 473 iudicavit:
868 433 982 472 cuius
1020 432 1082 471 rei
1122 432 1373 471 luculentum

25 499 221 539 habemus
250 495 527 537 testimonium
566 490 944 542 Xenophontis
983 488 1110 530 Mem.
1141 488 1192 530 11.
1224 491 1272 538 l,
1303 489 1372 528 19.

24 556 92 596 lll.
130 555 184 604 9,
226 553 295 594 14.
332 552 426 594 coll.
463 550 534 592 lV.
572 549 621 597 2,
658 547 727 590 34.
796 547 959 588 Etenim
998 546 1208 598 sophistae
1250 558 1372 597 quum

23 612 187 653 virtutis
217 609 542 650 exercitationem
575 610 618 645 et
646 605 695 644 ad
723 604 925 645 utilitates
954 607 1140 644 externas
1163 602 1374 642 referrent

24 675 68 710 et
97 668 291 708 facultate
322 665 487 718 quadam
517 667 638 717 atque
666 662 958 701 consuetudine
988 663 1096 712 eius,
1126 659 1233 715 qnod
1270 660 1373 699 utile

21 727 252 774 videretur,
280 722 507 775 reperiendi
536 720 688 761 absolvi
717 723 960 767 statuerent,
988 719 1079 770 ipse
1105 720 1262 758 reiecta
1294 718 1372 756 uti-

21 783 149 823 litatis
188 780 440 834 turpitudine
477 780 554 818 vim
599 782 860 828 naturamque
897 777 1060 816 virtutis
1090 776 1208 815 unice
1239 774 1289 813 ad
1317 773 1372 822 id,

23 840 129 893 quod
158 840 306 880 bonum
335 838 634 887 honestumque
669 838 756 882 est,
786 834 1011 882 revocavit,
1040 833 1248 885 voluitque
1277 843 1374 871 esse

22 899 63 938 in
93 910 167 945 eo,
196 900 242 935 ut
271 896 359 948 quis
389 895 494 935 recti
526 894 702 944 bonique
733 904 856 931 sensu
890 904 936 930 ac
976 891 1159 930 scientias
1182 889 1375 943 polleret,

23 955 72 994 ad
103 967 218 1007 quam
246 957 433 1004 tanquam
463 951 511 990 ad
542 950 807 989 certissimam
836 948 1016 1000 regulam
1045 953 1168 1001 atque
1196 959 1376 987 normam

24 1014 205 1052 actiones
232 1023 324 1049 suas
356 1021 494 1049 omnes
525 1007 724 1059 dirigeret
753 1011 797 1046 et
827 1006 1088 1050 examinaret.
1146 1004 1286 1057 ltaque
1315 1004 1375 1043 vi-

23 1083 112 1109 rum
143 1069 290 1108 bonum
320 1071 363 1106 et
398 1066 614 1105 honestum
655 1076 746 1103 eum
778 1063 938 1104 demum
970 1075 1064 1102 esse
1093 1063 1275 1110 censuit,
1308 1061 1377 1113 qui

24 1131 175 1166 certam
205 1124 333 1163 officii
362 1123 667 1175 persuasionem
705 1126 894 1173 tanquam
921 1119 1147 1160 dedicatam
1186 1119 1377 1158 divinitus

24 1184 236 1235 imaginem
272 1182 313 1221 in
352 1185 524 1232 pectore
563 1191 637 1218 suo
677 1182 881 1230 gestaret,
930 1190 1100 1231 eamque
1134 1178 1297 1217 intuens
1335 1176 1377 1215 in

26 1240 181 1293 agendo
222 1239 396 1278 sentiret
435 1242 478 1275 et
514 1236 766 1289 exploratum
804 1235 1001 1284 haberet,
1039 1233 1134 1286 quid
1174 1235 1215 1273 in
1270 1232 1379 1272 omni

26 1299 131 1337 vitae
177 1308 272 1334 casn
317 1295 546 1334 honestatis
597 1305 643 1331 ac
695 1292 918 1343 sapientiae
956 1292 1071 1343 leges
1107 1290 1379 1343 postularent,

28 1356 196 1405 eiusque
226 1353 287 1390 rei
316 1352 514 1390 rationem
534 1349 707 1389 reddere
727 1354 882 1402 posset.
913 1349 1042 1399 Quem
1065 1348 1236 1388 eundem
1258 1348 1379 1387 etiam

28 1412 155 1450 voluit
184 1422 304 1448 unum
324 1421 417 1448 esse
432 1408 619 1447 idoneum
638 1407 796 1448 virtutis
813 1407 1062 1458 magistrum.
1119 1405 1222 1446 Nam
1259 1417 1380 1457 quum

30 1469 220 1508 virtutem
251 1466 418 1506 scientia
446 1465 601 1507 absolvi
629 1468 844 1513 statueret,
876 1463 1042 1511 eandem
1074 1464 1196 1502 etiam
1223 1463 1382 1502 censuit

33 1532 199 1565 eatenus
232 1535 355 1575 posse
386 1522 524 1561 doceri
554 1526 597 1561 et
626 1534 716 1563 cum
750 1521 838 1560 aliis
882 1521 1189 1569 communicari,
1239 1524 1381 1572 qnate-

31 1597 106 1622 nus
143 1580 237 1634 quid
274 1581 419 1620 bonum
450 1583 678 1622 etrectum
709 1583 844 1627 esset,
879 1578 1075 1630 intelligi,
1112 1578 1308 1629 cognosci
1338 1580 1382 1616 et

32 1640 83 1680 ad
109 1640 254 1679 iustam
284 1638 429 1677 mentis
465 1636 796 1688 perspicuitatem
827 1636 1020 1687 explicari
1043 1635 1204 1679 liceret.

145 1696 242 1735 Fuit
278 1695 405 1747 igitur
442 1694 544 1733 haec
569 1694 751 1746 quaestio
780 1692 832 1732 de
862 1693 1021 1733 virtutis
1050 1692 1307 1734 institutione
1334 1702 1383 1731 ac

36 1754 246 1805 disciplina
274 1765 323 1791 ex
352 1751 536 1790 Socratis
566 1751 768 1793 sententia
799 1751 1027 1796 arctissime
1049 1750 1262 1790 coniuncta
1290 1761 1383 1802 cum

36 1813 166 1851 altera
200 1810 290 1859 illa,
329 1822 430 1862 quae
460 1812 524 1848 est
553 1808 605 1848 de
635 1807 815 1848 eiusdem
854 1812 995 1856 natura
1022 1811 1144 1859 atque
1174 1807 1384 1858 dignitate.

37 1870 102 1909 Ex
137 1879 215 1919 quo
253 1866 427 1918 intelligi
463 1865 587 1907 debet
621 1866 670 1904 ab
710 1865 916 1914 omnibus,
958 1878 1031 1904 cnr
1067 1877 1117 1907 ea
1145 1863 1274 1907 fuerit
1302 1868 1385 1903 tam

41 1937 167 1976 saepe
202 1928 364 1974 tamque
406 1923 588 1962 studiose
622 1936 646 1965 a
674 1923 906 1964 clarissimis
935 1922 1043 1962 illius
1072 1922 1217 1971 aetatis
1248 1921 1384 1975 philo-

42 1981 184 2034 sophis
212 1985 395 2027 tractata,
425 1985 468 2019 et
495 1992 685 2032 quorsum
714 1993 857 2020 revera
884 1981 1099 2032 pertineat.
1157 1979 1249 2028 Non
1278 1979 1384 2017 enim

42 2039 84 2080 id
114 2051 232 2079 unum
260 2038 467 2090 agebatur,
496 2041 542 2075 ut
570 2050 663 2077 num
691 2038 818 2076 virtus
837 2037 975 2082 doceri
1003 2040 1162 2090 posset,
1191 2037 1386 2088 exquire-

42 2102 180 2144 retur,
210 2095 282 2135 sed
312 2095 434 2135 etiam
460 2093 582 2143 illud,
612 2099 658 2133 ut
686 2108 802 2146 quam
834 2108 975 2146 parum
1005 2094 1142 2137 idonei
1179 2095 1266 2133 eius
1296 2106 1386 2133 ma-

43 2154 161 2207 gistri
199 2156 361 2200 essent,
401 2152 468 2203 qni
497 2164 584 2191 eam
613 2151 798 2190 utilitatis
827 2152 991 2198 modulo
1016 2152 1282 2201 metirentur,
1317 2150 1386 2190 lu-

46 2210 217 2251 culentis
245 2209 491 2261 argumentis
521 2208 877 2255 demonstraretur.
1267 2211 1274 2220 '

159 2267 215 2306 Et
251 2268 358 2306 inter
398 2279 469 2305 eos
500 2265 659 2317 quidem
689 2265 942 2314 Socraticos,
981 2267 1048 2318 qui
1076 2266 1179 2306 hanc
1214 2278 1303 2305 rem
1334 2264 1387 2304 de

47 2324 240 2365 industria
278 2327 575 2372 tractaverunt,
611 2323 773 2369 dubium
813 2336 892 2372 non
928 2330 993 2363 est
1030 2325 1123 2376 quin
1160 2323 1388 2376 principem

49 2383 181 2422 locum
210 2381 327 2424 Plato
358 2382 552 2422 obtineat.
609 2380 688 2430 Qui
713 2386 920 2435 acceptam
951 2395 973 2419 a
1001 2382 1193 2433 magistro
1222 2386 1388 2424 senten-

52 2440 149 2482 tiam
179 2442 223 2477 et
249 2438 434 2481 defendit
461 2436 658 2483 acerrime
688 2442 732 2477 et
760 2440 833 2485 suo
862 2439 990 2490 ipsius
1019 2440 1179 2490 ingenio
1208 2436 1390 2491 perfecit

53 2502 174 2550 atque
212 2497 426 2536 exornavit.
490 2494 592 2534 Nam
627 2494 816 2536 Socrates
853 2509 973 2548 quum
1001 2495 1135 2538 rerum
1164 2496 1244 2537 vim
1272 2499 1391 2536 natu-

56 2565 220 2604 ramque
256 2553 445 2597 rimandis
483 2553 630 2595 mentis
668 2553 897 2598 notionibus
936 2554 1127 2606 cognosci
1161 2565 1284 2605 posse
1314 2550 1392 2591 sibi

58 2609 350 2662 persuasisset,
387 2610 504 2652 Plato
546 2621 788 2662 progressus
816 2611 986 2650 ulterius
1014 2612 1088 2650 has
1116 2608 1227 2662 ipsas
1256 2620 1393 2648 rerum

61 2667 227 2707 notitias
274 2667 322 2706 ab
358 2667 498 2712 animis
534 2666 739 2711 hominum
773 2668 812 2709 in
850 2668 931 2707 vita
975 2667 1188 2719 superiore
1226 2667 1393 2705 haustas

63 2736 159 2764 esse
184 2723 390 2775 iudicavit,
418 2724 592 2777 ideoque
619 2725 813 2769 scientiae
841 2729 886 2766 et
920 2726 1162 2779 cognitionis
1199 2723 1396 2777 originem
