1624 2904
247 146 335 188 22⁰
696 143 1032 188 PROLEGOME:
1038 144 1109 189 NA

254 257 467 354 ἓοιιείῑὲιιιιι
493 256 577 298 tale
604 269 718 308 esse,
756 257 861 311 quod
889 257 1067 300 Platonis
1094 258 1292 311 ingenium
1321 259 1480 299 omnino
1507 258 1578 300 de-

287 326 381 354 ecea
403 342 414 354 .

370 369 551 408 Pertinet
585 372 715 409 autem
752 370 936 409 universa
962 370 1128 421 scriptio
1157 371 1406 421 potissimum
1436 383 1499 419 eo,
1526 375 1624 427 ut„

261 425 653 466 demonstretur
693 430 930 466 eventum
978 427 1294 477 disciplinae
1330 432 1388 466 et
1422 427 1624 467 insti-,f

261 483 494 522 tutionis
531 481 837 521 Socraticae
873 487 1037 522 totum
1073 483 1398 534 pependisse
1428 496 1484 522 ex
1514 483 1599 521 ‹li-f

262 539 379 578 vina
416 537 622 589 quadam
669 538 930 578 daemonii
976 540 1023 578 vi
1061 544 1117 577 et
1163 539 1442 587 efficacia,
1491 541 1606 590 qua?

264 594 529 635 effectum
568 594 662 641 sit,
699 598 754 633 ut
790 595 906 643 alii,
945 596 1030 646 qni
1058 608 1164 633 cum
1194 607 1250 633 eo
1272 595 1607 634 conxersatif:

266 651 394 699 sint,
439 650 490 689 in
525 649 703 689 studio
733 652 1024 702 sapientiae
1057 652 1446 702 processerint,
1490 650 1598 690 alii

265 706 398 747 nihil
423 706 588 747 bonae
615 704 790 758 frugis
819 708 866 746 in
897 708 1108 746 medium
1137 707 1442 748 attulerint.
1472 705 1587 756 Quod

263 766 310 801 ut
347 762 598 802 demonstret
635 765 834 814 scriptor,
862 764 987 802 utitur
1021 764 1202 814 exemplo
1232 763 1433 815 Theagis,
1471 767 1607 813 qnem‘

264 817 382 859 Plato
426 819 467 857 in
504 817 724 870 Republica
751 823 885 858 narrat
913 820 997 857 sola
1031 819 1202 857 valetudi
1205 820 1263 858 nis
1292 820 1521 858 infirmitate
1550 819 1595 860 in:

265 874 547 926 philosophiae
586 874 716 913 studio
758 880 800 914 et
829 888 964 914 amore
992 879 1190 914 retentum
1219 888 1333 924 esse,
1372 885 1591 926 quanquam

266 935 460 982 quatenus
503 931 540 969 ei
580 930 812 972 daemonion
847 932 939 970 olim
980 931 1124 970 faverit
1152 935 1219 969 ant
1246 931 1493 970 adversatum
1524 931 1623 985 sit,;;7†

265 998 344 1026 non
373 987 526 1026 diserte
552 988 759 1037 significat.
817 987 982 1026 Scilicet
1011 987 1115 1038 quod
1144 987 1329 1038 'lheages
1360 988 1409 1025 ob
1439 981 1621 1034 valetu÷{;

266 1042 416 1081 tudinis
474 1043 744 1082 infirmitatem
790 1043 1069 1095 philosophiae
1114 1043 1313 1082 studiosus
1360 1043 1619 1095 permansitf»

266 1098 308 1138 id
345 1098 597 1138 manifestum
628 1104 691 1138 est
719 1100 766 1138 ab
800 1099 961 1139 homine
1005 1103 1146 1139 nostro
1193 1099 1358 1138 iudicari
1403 1099 1614 1138 effectum

268 1166 363 1193 esse
390 1167 413 1193 a
442 1154 667 1202 daemonio,
698 1155 802 1205 quod
833 1167 881 1193 eo
909 1155 1027 1194 modo
1057 1155 1327 1207 prohibuerit,
1358 1167 1434 1206 quo
1464 1156 1619 1203 minum

267 1211 370 1249 mala
399 1211 613 1251 ambitione
630 1215 879 1249 transversus
906 1216 1105 1263 ageretur.
1163 1211 1269 1260 Quid·
1294 1212 1445 1262 igitur?
1470 1211 1617 1256 hauct-

268 1267 358 1306 cine
388 1267 638 1305 sententiam
653 1267 708 1305 ita
737 1279 758 1305 a
789 1267 955 1306 Platone
982 1267 1249 1306 adumbratam
1276 1268 1340 1306 vel
1359 1260 1618 1311 illustratam

272 1335 365 1360 esse
401 1323 515 1361 nobis
555 1318 912 1373 persuadebimus?
967 1323 1133 1362 Minime
1171 1335 1281 1376 vero.
1338 1324 1462 1373 Quam
1492 1324 1617 1366 enirm

270 1377 386 1418 Plato
417 1379 513 1417 alias
542 1378 592 1416 dc
621 1378 798 1417 Socratis
827 1380 1045 1418 daemonio·
1063 1379 1240 1431 prodidit
1266 1380 1518 1428 sententiam,
1549 1390 1616 1419 eas

272 1434 505 1485 longissime
534 1434 688 1473 recedit
716 1436 764 1485 ab
803 1435 868 1473 ina
897 1437 1072 1484 ratione,
1110 1448 1210 1486 quae
1240 1436 1279 1474 in
1308 1436 1385 1474 hoc
1413 1439 1615 1478 sermone

272 1491 455 1542 exposita
492 1495 568 1532 est.
634 1491 733 1530 Nam
771 1491 811 1530 in
849 1491 1055 1539 Phaedro,
1085 1491 1333 1540 Theaeteto
1361 1486 1613 1548 Republica*

273 1547 362 1587 aliis
398 1547 535 1595 libris,
579 1546 827 1587 daemonium
857 1548 954 1586 illud
984 1549 1049 1586 uni
1075 1547 1231 1586 Socrati
1259 1548 1394 1592 adest,
1427 1550 1613 1599 θιιιιιᾳιιθῐ·

274 1603 485 1652 admonet,
526 1604 561 1642 si
601 1603 694 1654 quid
730 1608 893 1654 praeter
927 1609 1077 1642 rectam
1115 1606 1307 1643 rationem
1338 1605 1597 1654 suscipiatur}

273 1660 314 1700 in
352 1660 520 1711 Theage
558 1666 689 1698 autem
728 1661 847 1698 etiam
886 1661 927 1698 in
962 1661 1035 1708 iis,
1065 1661 1131 1710 qui
1159 1661 1284 1710 ipsius
1315 1660 1610 1734 consuetudine,

272 1719 452 1763 utuntur,
493 1716 594 1754 miro
623 1715 741 1754 modo
777 1715 921 1753 efficax
950 1719 1018 1755 est
1041 1727 1086 1753 ac
1113 1728 1207 1753 vere
1235 1720 1370 1767 patrat
1399 1703 1610 1759 miraculum

273 1770 375 1810 Nam
412 1771 572 1810 favente
606 1771 813 1809 daemonio
851 1772 978 1809 omnia
1017 1783 1214 1822 prospere
1259 1773 1425 1819 cedunt3
1455 1772 1609 1812 eodem·

274 1827 510 1866 adversante
538 1828 664 1865 omnis
693 1827 870 1866 discendi
899 1840 1022 1878 opera
1051 1828 1203 1866 frustra
1232 1828 1489 1869 consumitur.
1518 1827 1606 1868 Sed·

275 1884 458 1923 nimirum
496 1883 616 1921 homo
659 1888 799 1923 noster
837 1896 911 1934 pro
941 1883 1064 1923 fundo
1094 1883 1369 1935 disputationis
1399 1897 1493 1923 suae
1523 1896 1596 1935 pos-

276 1940 357 1978 suit
378 1939 508 1979 locum
522 1939 735 1979 Theaeteti
753 1952 789 1991 p.
807 1941 899 1978 150.
913 1940 957 1982 Ι).
971 1953 1086 1991 quem
1107 1945 1239 1979 tamen
1253 1940 1280 1978 S
1295 1953 1316 1979 c
1329 1940 1376 1978 hl
1387 1942 1464 1978 eie
1476 1954 1497 1979 r
1509 1955 1545 1980 m
1556 1953 1603 1980 am

277 1996 470 2034 cherus
498 1996 705 2035 verissime
722 1996 907 2034 iudicavit
932 1998 980 2035 ab
1008 2009 1057 2034 eo
1078 1997 1238 2035 sinistre
1260 2010 1352 2035 esse
1374 2002 1603 2048 acceptum}

276 2052 376 2092 Nam
406 2053 446 2091 in
475 2052 702 2091 Theaeteto
730 2053 955 2103 neutiquam
984 2052 1080 2090 illud
1109 2053 1300 2100 docetur,
1329 2054 1376 2091 ab
1406 2054 1485 2092 isto
1507 2054 1607 2092 dae-'4³

277 2110 409 2148 monio
437 2108 536 2147 alios
565 2110 603 2147 in
636 2108 825 2147 discendo
858 2121 948 2147 esse
977 2109 1146 2157 adiutos,
1175 2110 1273 2147 alios
1293 2109 1530 2157 retardatos,
1556 2106 1605 2152 ἰᾱι

279 2166 383 2216 quod
422 2166 545 2203 miror
581 2178 602 2203 a
638 2165 869 2202 Sochero
906 2169 949 2203 et
983 2165 1238 2204 Knebelio
1267 2178 1431 2217 prorsus
1461 2165 1605 2216 negt&

278 2227 386 2261 ctum
417 2234 530 2265 esse,
559 2221 630 2259 sed
661 2221 737 2258 hoc
767 2222 900 2272 potius
933 2221 1174 2269 ostenditur,
1206 2235 1297 2269 eos,
1327 2222 1467 2271 quibus
1497 2221 1604 2264 divi-4³

278 2279 386 2317 nitus
424 2278 662 2316 destinatum
701 2278 772 2324 sit,
814 2290 887 2328 per
928 2277 1105 2316 Socratis
1153 2278 1460 2316 familiaritatem
1512 2275 1603 2329 veti

278 2335 505 2385 cognitione
542 2335 701 2385 angeri,
742 2334 895 2373 etiamsi
924 2334 971 2373 ab
1002 2346 1050 2371 eo
1080 2335 1176 2372 nihil
1205 2335 1455 2374 edoceantur.
1513 2333 1601 2376 ltassq

281 2404 358 2442 que
401 2387 423 2429 ὁ
465 2387 595 2436 θεὸς,
627 2391 691 2440 qui
717 2391 772 2428 ibi
801 2395 1067 2437 memoratur,
1096 2402 1172 2429 ιιοιι
1204 2395 1265 2428 est
1294 2388 1470 2428 Socratis
1501 2381 1601 2431 dae-:i

281 2447 478 2495 monium,
514 2446 586 2484 sed
624 2447 756 2497 potins
786 2446 912 2494 deus,
941 2447 966 2486 i.
997 2459 1032 2487 e
1063 2459 1150 2485 sors
1180 2446 1318 2487 divina.
1376 2446 1489 2494 Quod
1518 2444 1599 2493 ιιοιιξ

280 2504 528 2558 perspiciens
568 2508 706 2542 noster
741 2503 922 2542 tenebrio
959 2507 1150 2553 protenus
1191 2501 1289 2541 illud
1336 2502 1601 2548 daemonius-1*

283 2560 386 2612 quod
429 2559 616 2597 Socrates
653 2559 728 2597 sibi
767 2571 927 2609 semper
963 2558 1103 2597 adesse
1149 2559 1375 2605 dictitabat,
1420 2558 1468 2596 ad
1505 2554 1599 2597 euml:

282 2616 483 2668 dignitatis
522 2618 564 2653 et
594 2616 798 2666 potentiae
825 2614 988 2666 gradum
1017 2616 1171 2662 evexit,
1200 2620 1246 2653 ut
1275 2627 1352 2654 non
1376 2614 1492 2652 modo
1521 2613 1598 2652 So-us'

283 2674 383 2715 crati
405 2685 471 2713 res
500 2672 616 2723 plane
646 2672 834 2715 fortuitas
861 2671 1089 2725 praedicat,
1112 2684 1247 2713 verum
1277 2671 1396 2711 etiam
1424 2670 1593 2741 discipu}
