1624 2904
301 173 361 215 46
761 169 1166 212 DISPUTATIO

301 299 394 327 esse
435 284 670 332 sollicitum,
707 282 1016 335 quandoquidem
1057 295 1128 323 eos
1162 285 1341 333 intuens,
1372 286 1437 337 qui
1465 299 1509 326 se
1535 288 1617 326 vir-

300 345 398 383 tutis
429 344 636 392 magistros
666 340 940 390 profiteantur,
970 340 1062 393 quid
1092 340 1141 378 de
1170 343 1386 392 sapientiae
1413 343 1617 394 disciplina

300 399 550 438 sentiendum
587 397 662 442 sit,
699 395 810 433 valde
847 398 1022 434 incertus
1059 395 1236 435 haereat.
1301 398 1378 436 llic
1417 411 1512 437 vero
1541 399 1616 437 So-

299 459 456 493 crates:
514 453 548 490 ()
586 453 686 490 boue
728 452 863 498 crito,
900 453 1048 502 inquit,
1085 453 1123 490 in
1164 453 1268 493 omni
1297 455 1436 491 artium
1466 467 1616 506 genere

297 512 416 561 pauci
442 509 693 560 reperiuntur
719 508 851 545 idonei
879 508 1067 555 artifices,
1097 520 1224 559 neque
1255 510 1440 560 profecto
1468 511 1615 549 miran-

298 566 390 604 dum
418 569 497 614 est,
526 566 558 603 si
587 563 691 601 idem
719 563 863 601 accidit
890 565 929 602 in
957 564 1223 615 philosophia.
1282 565 1418 615 ltaque
1436 571 1615 605 contem-

298 623 352 661 tis
389 625 433 660 et
471 621 666 671 neglectis
705 620 816 657 malis
853 631 952 657 unos
992 620 1115 658 bonos
1146 622 1291 658 sectari
1320 621 1438 659 decet
1467 634 1512 659 ac
1541 627 1615 672 po-

298 678 378 717 tius
415 689 481 716 res
520 678 650 726 ipsas,
690 687 802 724 quam
831 675 1033 722 homines,
1062 681 1306 725 respectare.
1364 677 1513 726 Quodsi
1541 678 1615 728 igi-

296 737 364 772 tur
398 731 652 783 philosophia
690 743 756 768 res
786 732 912 781 turpis
942 731 1074 768 estet
1103 732 1332 779 inhonesta,
1369 745 1442 783 age
1472 733 1616 772 desere

297 801 383 828 eam
422 794 463 827 et
500 791 732 832 contemne3
785 787 843 823 sin
890 789 1019 824 autem
1057 792 1119 824 est
1162 788 1260 825 bona
1308 792 1349 826 et
1395 789 1616 838 laudabilis,

296 857 416 896 quum
451 846 540 894 ipse
579 844 663 880 cius
698 841 825 879 studia
863 847 1023 880 strenue
1070 854 1332 893 persequere,
1378 848 1461 883 tum
1509 845 1614 884 filios

295 905 388 940 tuos
431 913 478 937 ea
507 897 742 937 erudiendos
772 909 911 935 curare
941 910 989 935 ne
1019 898 1152 936 dubita
1164 896 1220 951 *).

413 1001 475 1039 En
503 1000 626 1037 habes
655 998 848 1036 sermonis
876 997 993 1036 finem
1024 1001 1065 1036 et
1093 999 1262 1045 exitum,
1298 999 1362 1050 qui
1391 999 1426 1038 si
1453 998 1616 1039 deside-

295 1060 476 1103 raretur,
516 1056 639 1093 multo
676 1055 864 1091 incertius
903 1053 953 1091 de
982 1056 1159 1092 universa
1188 1055 1405 1106 scriptione
1430 1056 1615 1095 iudicium

295 1113 420 1152 foret.
479 1111 591 1149 Nunc
621 1122 739 1161 quum
768 1110 865 1147 haec
886 1106 1017 1147 addita
1047 1110 1242 1160 leguntur,
1272 1111 1490 1163 clarissime
1517 1125 1616 1163 per-

295 1170 479 1220 spicitur7
509 1180 628 1217 quare
650 1166 762 1204 Plato
784 1163 1004 1204 faciendum
1028 1168 1234 1216 putaverit,
1263 1171 1310 1206 ut
1338 1172 1380 1205 et
1408 1168 1608 1207 eristicam

293 1225 442 1263 acerbe
470 1223 760 1274 perstringeret
792 1226 832 1259 et
862 1221 1087 1260 Socraticae
1116 1223 1276 1261 rationis
1308 1236 1353 1260 ac
1384 1223 1613 1274 disciplinae

296 1283 471 1318 virtutes
510 1279 753 1316 ostenderet.
809 1277 948 1328 Neque
978 1279 1078 1316 enim
1109 1280 1284 1328 cuiquam
1314 1279 1376 1316 vel
1404 1280 1619 1318 mediocri-.

295 1341 366 1375 ter
385 1339 537 1374 attento
555 1335 762 1372 obscurum
792 1346 883 1372 esse
912 1338 1061 1384 potest,
1091 1347 1176 1371 eum
1207 1335 1273 1372 ilia
1302 1336 1614 1385 reprehensione

292 1392 334 1431 id
368 1392 522 1430 consilii
557 1403 648 1428 esse
685 1390 957 1436 coniunctum,
997 1394 1040 1427 ut
1079 1403 1196 1427 voces
1235 1403 1369 1428 eornm
1400 1403 1613 1442 coarguan-

291 1450 375 1495 tur,
412 1448 476 1497 qui
506 1459 621 1496 quum
653 1458 806 1482 omnem
839 1446 1128 1495 philosophiam
1159 1451 1239 1483 tum
1272 1447 1436 1483 maxime
1466 1447 1614 1486 Socra-

292 1503 349 1542 tis·
388 1501 695 1552 philosophandi
730 1502 922 1538 rationem
964 1514 1048 1538 cum
1081 1502 1234 1550 garrula
1264 1503 1339 1539 ista
1367 1506 1485 1552 atque
1515 1516 1612 1553 cap-

290 1559 400 1598 tiosa
420 1557 636 1607 sophistica
664 1561 816 1593 temere
847 1555 1119 1593 confodissent
1148 1558 1324 1606 adeoque
1348 1559 1470 1595 xirum
1502 1560 1612 1609 opti-

291 1626 401 1654 mum
430 1616 467 1652 in
496 1612 678 1663 ignobilis
709 1611 907 1649 cuiusdam
936 1613 1172 1662 argutiarum
1204 1613 1322 1650 studii
1346 1615 1610 1663 suspicionem

291 1668 559 1709 adduxissent}
630 1667 730 1716 Quid
770 1668 872 1717 quod
909 1668 973 1705 vel
1002 1669 1225 1718 primarium
1257 1670 1482 1718 scriptionis
1511 1682 1611 1709 con-

291 1726 424 1765 silium
455 1738 542 1763 mea
571 1724 725 1774 quidem
755 1724 949 1763 sententia
977 1724 1015 1761 in
1045 1735 1093 1761 eo
1123 1725 1319 1771 cernitur,
1362 1729 1406 1762 ut
1434 1725 1609 1765 Socratis

290 1780 601 1833 philosophandi
629 1781 730 1818 ratio
767 1780 814 1817 ab
853 1792 988 1818 eorum
1025 1780 1225 1817 calumniis
1261 1780 1502 1828 vindicetur,
1543 1782 1609 1832 qui

291 1849 382 1876 eam
405 1841 601 1889 ‘tanquam
633 1848 766 1872 vanam
805 1838 846 1872 et
877 1836 1029 1873 inanem
1074 1837 1311 1883 argutiarum
1351 1838 1609 1885 captotricem

292 1897 523 1944 suspectam
554 1891 723 1929 reddere
753 1891 882 1929 conati
912 1894 1056 1929 essent.
1114 1892 1211 1929 Nam
1241 1893 1296 1930 ita
1325 1891 1479 1929 demum
1510 1906 1607 1943 per-

290 1950 482 2000 spicitur,
532 1959 719 1996 quaenam
770 1948 821 1984 sit
870 1947 1106 1997 singularum
1152 1948 1243 1985 libri
1290 1949 1460 1997 partIum
1503 1949 1608 1988 inter

289 2007 399 2056 ipsas
430 2004 696 2050 cohaerentia,
726 2002 900 2051 nihilque
929 2003 1238 2041 animadvertere
1265 2003 1382 2051 licet,
1412 2004 1515 2052 quod
1544 2009 1607 2042 to-

290 2062 371 2101 tius
399 2060 625 2111 scriptionis
654 2060 844 2096 unitatem
871 2071 916 2096 ac
945 2058 1238 2108 simplicitatem
1266 2059 1348 2097 ullo
1376 2059 1493 2097 modo
1521 2064 1621 2101 tur-0

289 2118 387 2158 bare
413 2121 481 2155 aut
508 2116 668 2166 penitus
697 2115 842 2152 tollere
871 2114 1058 2155 videatur·

402 2216 552 2266 Quodsi
590 2220 720 2254 autem
761 2215 940 2265 quaeris,
979 2215 1131 2264 quinam
1168 2213 1317 2252 suerint
1351 2215 1509 2266 maligni
1546 2216 1622 2265 illi}

286 2273 350 2312 vel
389 2276 507 2312 etiam
544 2273 816 2321 imprudentes
857 2270 1030 2308 Socratis
1066 2271 1377 2316 obtrectatores,
1421 2273 1468 2309 ab
1515 2271 1624 2323 ipsog

287 2329 454 2368 Platone
494 2329 644 2366 diserte
681 2329 927 2365 nominantur
965 2326 1182 2376 scriptores
1217 2327 1434 2364 orationum
1464 2322 1624 2391 feren-J

289 2387 389 2425 sium
432 2385 531 2439 (λυ)
535 2384 586 2434 65
588 2379 771 2436 θάψω)
810 2395 855 2420 ex
885 2382 1140 2433 Antiphontis
1171 2386 1211 2419 et
1240 2381 1434 2432 Gorgiae
1465 2387 1508 2420 ut
1541 2384 1618 2425 vi-

287 2441 426 2487 detur,
482 2439 688 2489 disciplina
744 2439 930 2489 profecti.
1012 2438 1135 2476 Certe
1190 2437 1344 2485 quidem
1398 2439 1616 2507 Antiphon

284 2496 551 2561 Rhamnusius
578 2495 728 2545 primus
755 2495 884 2534 fertur
912 2494 1111 2548 oratioluas
1136 2492 1337 2532 iudiciales
1377 2506 1611 2546 scripsisse,
1608 2513 1615 2570 l

358 2693 396 2735 ¹⁸¹)
418 2697 531 2733 mque
554 2694 594 2725 ad
621 2704 653 2733 p.
680 2697 757 2727 30⁶1.
780 2696 820 2727 0.
