1624 2904
283 128 361 168 DE
397 126 824 168 EUTHYDEMO
868 122 1216 168 PLATONIS.
1357 124 1416 166 23

65 242 158 281 dnm
186 241 318 281 sciunt
357 241 515 280 discere
544 237 794 279 existimandi
822 238 944 277 sunt?
1000 238 1191 278 Affirmat
1217 237 1298 278 hoc
1325 237 1410 279 Cli·

63 300 161 338 nias.
219 299 309 348 Quo
338 299 448 337 sacto
478 299 570 337 ille:
616 296 660 336 Si
689 296 777 347 quis
807 295 902 346 quid
930 296 1099 344 recitat,
1139 295 1300 335 dubium
1329 308 1409 337 non

65 360 153 404 est,
193 357 286 406 quin
324 355 464 395 literas
494 354 751 407 pronuntiet:
789 353 865 391 iam
895 364 991 391 vero
1021 356 1064 392 tu
1093 353 1233 392 literas
1262 352 1408 392 didici-

61 413 138 460 sti;
179 424 277 464 ergo
316 413 428 451 illum
469 412 633 450 audiens
668 409 790 449 discis
827 422 930 461 quae
966 409 1043 448 iam
1085 414 1204 448 antea
1247 410 1406 450 novisti.

60 469 212 519 Quibus
234 470 290 508 ita
308 469 505 508 conclusis
534 467 839 519 Dionysodorus
866 479 1006 504 rursus
1036 467 1279 507 contrarium
1309 479 1406 520 pro-

59 527 155 566 bare
192 526 379 565 institnit.
437 526 516 564 Hie
555 526 683 573 enim,
723 524 838 563 Scire
866 523 966 562 nihil
996 523 1103 562 aliud
1133 528 1223 572 est,
1260 524 1405 576 inquit,

55 584 135 623 nisi
162 583 313 622 habere
341 583 571 631 scientiam3
609 582 769 621 discere
803 583 935 619 autem
966 585 1030 619 est
1059 579 1268 619 scientiam
1297 581 1406 622 acci-

54 653 179 692 pere3
219 641 423 679 scientiam
453 652 548 678 vero
579 639 748 690 accipit,
787 637 853 688 qui
883 650 931 676 ea
961 637 1135 677 nondum
1164 637 1246 677 fuit
1273 637 1404 678 imbu-

52 702 142 744 tus3
173 709 270 748 ergo
300 697 367 748 qui
395 698 575 747 discunt,
602 697 632 736 ii
660 695 892 736 imbuuntur
917 694 1063 736 notitia
1092 706 1258 745 eorum,
1298 707 1403 748 quae

52 754 183 794 adhuc
210 754 396 806 ignorant
422 751 478 807 *).

163 843 289 885 Vides
318 843 517 884 misellum
534 842 879 883 adolescentulum
904 841 1028 882 meris
1055 841 1189 882 vexari
1216 842 1399 896 argutiis,

53 914 102 941 ex
130 901 387 954 ambiguitate
414 903 628 941 verborum
658 901 868 948 derivatis3
897 900 950 939 de
978 911 1056 952 qua
1083 912 1131 938 re
1158 903 1204 939 ut
1230 901 1399 943 verbum

51 958 261 1008 addamus,
302 971 380 998 non
421 964 606 1010 putamus
651 958 937 999 necessarium.
1002 957 1201 1007 Quocirca
1245 958 1398 999 urbana

51 1029 148 1055 sane
187 1021 307 1067 atque
346 1016 508 1068 elegans
548 1015 727 1055 Socratis
757 1015 886 1053 oratio
916 1017 1004 1062 est,
1041 1014 1109 1066 qui
1137 1014 1207 1053 ubi
1234 1014 1396 1068 Euthy-

49 1072 209 1112 demum
237 1074 346 1112 videt
373 1073 413 1112 in
444 1085 493 1113 eo
523 1086 636 1118 esse,
666 1076 712 1112 ut
740 1072 908 1111 Cliniam
938 1071 1050 1111 novis
1080 1071 1202 1111 etiam
1229 1077 1396 1124 pertur-

50 1130 122 1169 bet
160 1128 516 1180 conclusiunculis,
549 1130 850 1169 adolescentem
889 1129 1017 1167 amice
1045 1128 1298 1178 consolatur,
1327 1133 1395 1169 at-

51 1200 130 1239 que
163 1187 372 1236 hortatur,
411 1192 458 1227 ut
499 1200 552 1227 ne
581 1188 752 1226 animum
782 1185 1057 1237 despondeat,
1085 1185 1283 1237 siquidem
1311 1186 1394 1226 ho-

47 1245 178 1295 spites
205 1258 308 1284 nunc
335 1244 542 1284 videantur
573 1244 715 1283 ludere
745 1247 790 1282 et
816 1243 955 1292 iocari,
978 1243 1121 1294 procul
1150 1242 1271 1282 dubio
1299 1255 1394 1284 mox
1440 1255 1444 1259 “

48 1302 168 1340 etiam
197 1302 238 1339 id
266 1303 418 1348 acturi,
459 1306 505 1340 ut
533 1301 612 1352 ipsi
641 1301 863 1352 sapientiae
892 1312 989 1338 suae
1017 1299 1241 1351 penetraHa
1270 1300 1394 1351 peni-

49 1362 114 1398 tus
142 1358 353 1397 recludant
381 1362 423 1397 et
450 1359 645 1410 aperiant.
701 1357 760 1396 Ut
797 1362 933 1395 tamen
960 1362 1167 1405 caveatur,
1196 1369 1250 1396 ne
1276 1356 1392 1397 lusus

47 1415 130 1454 iste
165 1415 424 1466 protrahatur
460 1415 641 1467 longius,
685 1414 890 1465 sophistas
928 1413 1114 1452 modeste
1147 1417 1192 1453 et
1237 1414 1391 1454 urbane

48 1471 260 1520 admonet,
298 1477 344 1510 ut
371 1470 495 1510 velint
525 1471 715 1523 promissi
751 1472 814 1509 sui
853 1482 946 1508 esse
986 1481 1202 1519 memores,
1234 1475 1279 1510 et
1307 1483 1389 1523 quo

47 1528 165 1567 modo
204 1529 343 1567 virtuti
380 1540 545 1579 operam
575 1528 671 1566 dare
700 1531 909 1578 oporteat,
950 1527 1027 1566 iam
1055 1527 1217 1566 tandem
1246 1526 1389 1567 adole-

46 1591 223 1625 scentem
252 1585 470 1635 edoceant,
498 1586 597 1624 satis
626 1585 842 1637 perspicue
871 1583 1124 1635 significans,
1151 1585 1270 1624 istam
1300 1586 1389 1638 qui-

45 1643 135 1681 dem
164 1642 212 1680 ad
242 1644 426 1682 virtutem
454 1643 746 1682 institutionem
764 1641 910 1680 nullius
939 1653 1033 1680 esse
1061 1638 1199 1692 pretii,
1254 1643 1387 1693 Quum
1429 1676 1432 1688 ,

43 1712 139 1738 vero
167 1704 284 1738 antea
311 1700 371 1738 illi
399 1700 447 1738 ad
475 1700 551 1738 alia
586 1700 716 1738 omnia
742 1700 1021 1746 aberrassent,
1049 1698 1278 1739 faciendum
1305 1713 1388 1753 pu-
1422 1724 1453 1752 -5.

45 1761 119 1805 tat,
147 1762 192 1795 ut
220 1758 269 1796 iis
300 1751 485 1808 exemplo
513 1756 645 1808 aliquo
675 1755 875 1804 ostendat,
904 1755 1022 1807 quale
1050 1755 1285 1809 disputandi
1311 1771 1387 1814 ge-
1425 1786 1431 1790 -

42 1826 117 1854 nus
144 1813 194 1854 ad
220 1827 308 1854 rem
338 1818 597 1867 praesentem
624 1813 891 1854 adhibendum
920 1818 1087 1853 censent
1111 1807 1192 1864 **).
1408 1834 1412 1839 ·

155 1917 296 1971 ltaque
331 1931 435 1959 nunc
476 1919 679 1971 specimen
703 1917 865 1971 aliquod
890 1914 1178 1972 disputationis
1205 1917 1385 1960 Socrati-

43 1986 115 2014 cae
142 1977 402 2029 proponitur,
429 1976 536 2016 unde
564 1979 801 2029 perspicere
827 1977 974 2025 liceat,
1018 1982 1207 2029 quantum
1238 1990 1286 2017 ea
1312 1991 1386 2018 re-

41 2031 160 2071 cedat
195 2034 243 2073 ab
283 2034 443 2074 eristica
479 2035 765 2086 sophistarum.
822 2034 983 2073 Etenim
1021 2034 1195 2085 primum
1223 2034 1385 2086 quidem

41 2089 202 2130 virtutis
236 2091 349 2131 notio
384 2091 623 2131 informatur
668 2093 746 2139 ita,
798 2094 844 2129 ut
878 2103 958 2130 non
996 2091 1184 2131 utilitatis
1213 2091 1383 2132 ducatur

41 2147 166 2195 ratio,
203 2148 277 2188 sed
313 2151 402 2187 tota
438 2150 524 2188 eius
560 2149 618 2188 vis
655 2152 698 2187 et
736 2152 877 2189 natura
911 2148 952 2187 iu
991 2149 1159 2188 scientia
1194 2153 1382 2200 ponatur.

41 2201 197 2244 Deinde
224 2204 454 2257 disputatur
481 2207 563 2253 sic,
601 2209 648 2244 ut
686 2218 824 2245 omnes
854 2206 1036 2257 argutiae
1064 2209 1108 2245 et
1134 2207 1381 2258 praestigiae

42 2261 203 2312 penitus
232 2263 462 2301 reiiciantur
491 2266 612 2314 atque
640 2262 680 2302 id
708 2264 824 2302 unice
852 2267 1006 2316 agatur,
1033 2267 1081 2302 ut
1112 2267 1226 2302 recta
1258 2269 1381 2316 atque

42 2329 136 2356 vera
171 2320 406 2358 exhibeatur
441 2320 646 2360 notionum
674 2321 802 2360 finitio
844 2326 886 2359 et
915 2320 1151 2372 descriptio.
1208 2319 1270 2359 Ex
1299 2333 1380 2372 quo

41 2377 298 2427 perspicuum
338 2381 404 2416 est
440 2383 483 2415 et
510 2378 714 2418 materiam
745 2378 1025 2430 disputationis
1055 2377 1268 2429 plurimum
1298 2377 1380 2417 dif-

43 2432 156 2474 ferre
182 2446 208 2473 a
232 2435 347 2486 nugis
375 2433 647 2489 sophistarum
680 2440 725 2478 et
752 2434 978 2478 disserendi
1004 2435 1202 2478 rationem
1227 2435 1280 2478 ad
1309 2447 1378 2477 ex-

109 2632 146 2675 *)
170 2634 209 2666 ι».
233 2636 312 2669 2¹15.
337 2638 376 2669 c.
398 2653 440 2661 —
465 2639 542 2671 27⁴1.
567 2640 606 2675 a.

86 2698 138 2744 ²³)
164 2703 278 2744 Usque
299 2705 340 2738 aa
365 2715 399 2748 p.
421 2708 500 2742 2¹18.
526 2708 573 2746 n,

975 2772 1004 2813 10

1026 2768 1050 2793 ἤ·
