1624 2904
279 160 335 202 22
734 152 1134 195 DISPUTATIO

285 271 439 325 quidem
474 281 519 310 se
544 267 792 308 institutione
821 279 888 306 sua
915 266 954 306 id
984 266 1199 306 effecturos
1231 268 1517 319 pollicebantur
1537 266 1592 321 *)‚

283 335 330 368 ut
365 330 538 379 ipsorum
577 324 755 374 discipuli
789 323 837 361 ad
874 335 1010 361 causas
1047 323 1255 368 dicendas,
1286 326 1481 362 orationes
1518 337 1592 374 pu-

284 386 391 423 blice
419 379 617 421 habendas
646 379 1063 428 administrandamque
1102 380 1380 429 rempublicam
1411 381 1592 418 dialecti-

286 453 354 478 ces
396 451 472 489 ope
512 436 642 476 idonei
679 435 952 476 redderentur.
1029 434 1068 472 ln
1108 447 1184 484 quo
1223 436 1300 472 dici
1339 449 1413 473 non
1458 440 1594 486 potest

285 498 469 545 quantum
497 506 519 532 a
546 492 722 530 Socratis
751 492 903 529 ratione
932 490 1175 528 deflexerint.
1233 491 1307 540 Qui
1335 504 1449 539 quum
1469 493 1594 529 virtu-

284 556 368 590 tcm
403 551 443 589 in
486 549 651 587 scicntia
684 547 841 585 honesti
881 549 923 584 et
960 550 1069 583 certa
1097 547 1220 584 ol'licii
1251 548 1503 597 persuasione
1531 548 1594 585 in-

285 619 376 650 esse
415 608 622 651 censeret,
661 603 765 641 illam
807 602 880 640 sibi
914 607 1166 651 persuaserat
1204 604 1256 640 ita
1295 607 1444 640 tantum
1475 615 1595 652 posse

285 661 443 709 doceri,
481 661 516 700 si
552 658 674 710 proba
709 662 826 707 atque
865 662 975 695 recta
1011 657 1178 695 docendi
1213 658 1315 695 ratio
1355 671 1402 695 eo
1430 659 1595 704 valeret,

285 721 329 756 ut
368 717 470 755 recti
504 715 740 762 honestique
776 724 914 751 sensus
949 713 986 750 in
1017 714 1152 750 animis
1194 725 1350 759 eorum,
1381 726 1477 762 quos
1507 715 1593 763 quis

282 773 535 818 institueret,
565 772 802 808 excitaretur
829 772 946 817 atque
985 774 1203 806 acueretur.
1270 770 1438 807 'l‘antum
1474 770 1595 820 igitur

284 829 422 875 abest,
450 832 494 866 ut
521 826 793 876 Euthydemus
825 827 867 861 et
892 823 1184 874 Dionysodorus
1223 824 1407 875 deinceps
1437 825 1486 862 dc
1515 826 1595 862 ho·-

283 884 449 924 nestatis
478 888 519 921 et
547 882 755 933 probitatis
785 879 1068 929 comparandae
1096 882 1248 932 ratione
1277 881 1430 928 dicant,
1460 884 1503 918 ut
1531 893 1593 918 ar-

281 939 440 992 gutandi
468 938 697 976 facultatem
724 947 831 975 suam
861 936 1097 974 ostentaturi
1125 936 1219 974 alias
1248 948 1294 974 ex
1322 937 1409 974 aliis
1436 940 1594 974 nectant

284 994 619 1034 conclusiunculas
649 996 691 1031 et
720 1001 971 1041 quaecunque
1000 991 1192 1037 dicuntur,
1222 996 1410 1041 protenus
1441 993 1594 1042 captio—

283 1051 339 1091 sis
367 1048 767 1102 argumentationibus
797 1047 1019 1084 convellere
1048 1053 1252 1086 conentur.
1309 1048 1498 1086 Nimirum
1529 1061 1592 1085 er-

283 1119 416 1148 rorem
448 1105 587 1144 aetatis
616 1116 709 1144 suae
736 1103 817 1141 late
847 1106 1100 1152 propagatum
1131 1103 1257 1141 secuti
1274 1109 1454 1152 promunt
1482 1103 1594 1153 quid-

281 1163 374 1213 quid
410 1162 607 1200 fallacium
654 1159 938 1209 sophismatum
982 1159 1019 1196 in
1061 1163 1218 1208 promtu
1262 1159 1432 1206 habent,
1477 1160 1593 1209 idque

279 1218 379 1257 adeo
414 1218 635 1268 promiscue
673 1221 791 1264 atquc
830 1219 1005 1260 temere,
1035 1220 1079 1252 ut
1116 1227 1188 1257 eos
1233 1213 1353 1252 facile
1402 1219 1589 1265 appareat

279 1286 389 1313 mera
429 1274 517 1311 duci
566 1271 769 1322 argutandi
815 1269 1107 1318 altercandiquc
1156 1270 1337 1308 lubidine.
1395 1272 1589 1319 Quocirca

278 1330 359 1368 noli
387 1340 533 1380 quaeso
562 1328 601 1365 in
629 1325 891 1376 disputatione
922 1337 1056 1362 eorum
1087 1329 1235 1363 certum
1273 1326 1440 1374 aliquem
1473 1331 1589 1376 atque

277 1384 451 1423 lucidum
479 1384 762 1422 sententiarum
793 1385 834 1418 et
863 1382 1238 1431 argumentationum
1268 1382 1442 1420 ordinem
1472 1395 1590 1432 quae-

276 1452 392 1488 rere3
430 1452 545 1491 quem
574 1443 609 1476 si
638 1439 703 1488 qui
737 1449 823 1475 cnm
854 1436 1130 1474 Friderico
1162 1437 1308 1474 Astio
1337 1437 1591 1476 desiderave-

275 1499 391 1544 runt,
426 1496 454 1533 ii
490 1494 671 1533 consulto
708 1505 731 1530 a
766 1491 931 1530 Platone
978 1491 1286 1542 disputationem
1328 1493 1383 1530 ita
1419 1494 1591 1532 habitam

274 1551 393 1602 fingi,
429 1562 504 1601 quo
543 1550 666 1599 magis
689 1548 889 1586 homiuum
918 1548 1157 1597 perversitas
1186 1551 1395 1598 arguatur,
1433 1550 1590 1587 omnino

273 1607 455 1646 videntur
481 1605 715 1656 neglexisse.
773 1602 853 1640 Sed
880 1602 1077 1641 audiamus
1107 1602 1234 1652 qualia
1264 1604 1366 1651 sint,
1395 1616 1494 1654 quac
1521 1605 1590 1643 isti

274 1662 430 1702 virtutis
459 1662 613 1702 scilicet
639 1659 816 1710 magistri
842 1659 881 1696 in
906 1658 1076 1696 medium
1104 1658 1284 1698 afferunt.

381 1762 538 1802 Initium
566 1759 789 1812 disputandi
818 1757 1091 1810 Euthydemus
1119 1758 1240 1807 facit,
1270 1759 1434 1798 Cliniam
1460 1760 1586 1799 inter-

269 1830 434 1870 rogans,
468 1818 546 1855 utri
583 1817 738 1855 discere
765 1815 992 1862 videantur,
1037 1816 1234 1866 sapientes
1263 1828 1310 1853 an
1339 1816 1583 1866 insipientes.

268 1875 346 1924 Qui
372 1875 439 1912 ubi
466 1873 674 1923 respondit
699 1871 852 1909 discere
874 1872 1090 1920 sapientes,
1111 1871 1383 1921 Euthydemus
1402 1884 1490 1910 eum
1508 1873 1583 1911 hac

268 1929 584 1968 conclusiuncula
630 1928 817 1966 adoritur.
902 1927 977 1976 Qui
1026 1926 1202 1974 discunt,
1246 1927 1395 1977 inquit,
1448 1927 1491 1966 hi
1533 1929 1581 1966 ab

265 1986 353 2024 aliis
382 1986 594 2031 docentur3
629 1984 697 2034 qui
725 1983 889 2030 docent,
927 1984 1197 2033 ignorantibus
1236 1988 1342 2021 artes
1381 1987 1423 2021 et
1460 1984 1579 2022 disci-

264 2042 392 2092 plinas
420 2041 602 2086 tradunt3
640 2050 737 2090 ergo
773 2050 851 2076 non
888 2039 1111 2089 sapientes,
1147 2038 1218 2076 sed
1254 2038 1480 2088 ignorantes
1517 2038 1579 2078 di-

262 2108 379 2136 scere
405 2096 599 2135 iudicandi
626 2099 730 2134 sunt.
787 2094 901 2132 Hunc
934 2095 1116 2132 continuo
1156 2094 1302 2144 excipit
1330 2093 1576 2144 Dionysodo-

262 2165 352 2200 rus,
382 2153 446 2203 qui
475 2152 671 2190 contraria
699 2151 938 2201 probaturus
967 2150 1040 2188 hac
1068 2150 1195 2188 utitur
1223 2151 1575 2200 argumentatione.

263 2208 545 2247 Grammatista
581 2207 773 2252 dictante,
811 2207 957 2256 inquit,
1006 2206 1034 2244 ii
1070 2209 1222 2244 tantum
1259 2216 1471 2255 puerorum
1509 2206 1575 2245 di-

261 2268 397 2312 scunt,
431 2264 498 2314 qui
534 2275 611 2301 non
648 2267 783 2301 carent
823 2262 1036 2312 sapientia,
1075 2261 1175 2299 hanc
1214 2260 1397 2298 videlicet
1424 2261 1572 2300 intelli-

257 2331 357 2370 gens
385 2319 648 2364 docilitatem3
691 2329 786 2367 ergo
816 2317 971 2355 discunt
998 2318 1220 2367 sapientes,
1250 2328 1322 2354 nec
1350 2328 1443 2354 vero
1472 2317 1569 2355 insi·-

257 2376 427 2426 pientes.
483 2375 638 2425 Ingenti
677 2373 915 2411 audientium
943 2373 1082 2423 plausu
1120 2376 1258 2411 coorto
1287 2371 1458 2409 vicissim
1484 2372 1579 2415 Eu·-¹

255 2431 465 2482 thydemus
502 2430 602 2469 haec
630 2429 813 2481 profert:
858 2429 934 2479 Qui
963 2429 1141 2478 discunt,
1176 2439 1305 2467 nonne
1343 2439 1443 2478 quae
1469 2439 1566 2467 nou-

293 2625 327 2665 ¹⁸)
357 2629 396 2657 v.
428 2627 564 2666 Protag.
595 2636 628 2665 p.
662 2626 737 2658 316.
771 2628 809 2658 C.
844 2634 876 2664 p.
911 2627 988 2659 318.
1022 2628 1047 2659 B
1069 2635 1140 2666 sqq.
1172 2626 1263 2656 Men.
1294 2633 1331 2664 p.
1356 2626 1409 2659 91.
1438 2627 1467 2657 A
1488 2634 1560 2665 sqq.

356 2671 459 2711 Hipp.
485 2672 561 2702 mni.
587 2682 617 2710 p.
643 2674 720 2702 296.
746 2673 785 2703 A.
812 2671 856 2702 al.
