<?xml version="1.0" encoding="UTF-8"?>
<!DOCTYPE html PUBLIC "-//W3C//DTD XHTML 1.0 Transitional//EN"
    "http://www.w3.org/TR/xhtml1/DTD/xhtml1-transitional.dtd">
<html xmlns="http://www.w3.org/1999/xhtml" xml:lang="en" lang="en">
 <head>
  <title>
</title>
<meta http-equiv="Content-Type" content="text/html;charset=utf-8" />
  <meta name='ocr-system' content='tesseract 3.04.00' />
  <meta name='ocr-capabilities' content='ocr_page ocr_carea ocr_par ocr_line ocrx_word'/>
</head>
<body>
  <div class='ocr_page' id='page_1' title='image "./operaomniarecens06platuoft/operaomniarecens06platuoft_0045.png"; bbox 0 0 1624 2904; ppageno 0'>
   <div class='ocr_carea' id='block_1_1' title="bbox 245 143 1400 199">
    <p class='ocr_par' dir='ltr' id='par_1_1' title="bbox 245 143 1400 199">
     <span class='ocr_line' id='line_1_1' title="bbox 245 143 1400 199; baseline -0.005 -6"><span class='ocrx_word' id='word_1_1' title='bbox 245 152 328 195; x_wconf 78' lang='lat' dir='ltr'><strong>DE</strong></span> <span class='ocrx_word' id='word_1_2' title='bbox 366 143 801 199; x_wconf 71' lang='lat' dir='ltr'><strong>EUTHYDEMO</strong></span> <span class='ocrx_word' id='word_1_3' title='bbox 852 146 1199 192; x_wconf 16' lang='lat' dir='ltr'><strong>PLXATONIS.</strong></span> <span class='ocrx_word' id='word_1_4' title='bbox 1342 146 1400 188; x_wconf 74' lang='lat'><strong>39</strong></span> 
     </span>
    </p>
   </div>
   <div class='ocr_carea' id='block_1_2' title="bbox 0 261 1391 2778">
    <p class='ocr_par' dir='ltr' id='par_1_2' title="bbox 0 261 1391 2778">
     <span class='ocr_line' id='line_1_2' title="bbox 46 261 1391 318; baseline -0.002 -14"><span class='ocrx_word' id='word_1_5' title='bbox 46 278 124 318; x_wconf 80' lang='lat' dir='ltr'><strong>quc</strong></span> <span class='ocrx_word' id='word_1_6' title='bbox 152 266 375 318; x_wconf 79' lang='lat' dir='ltr'><strong>interrogat</strong></span> <span class='ocrx_word' id='word_1_7' title='bbox 404 279 497 305; x_wconf 91' lang='lat' dir='ltr'><strong>num</strong></span> <span class='ocrx_word' id='word_1_8' title='bbox 527 270 645 317; x_wconf 85' lang='lat' dir='ltr'><strong>pater</strong></span> <span class='ocrx_word' id='word_1_9' title='bbox 672 265 754 305; x_wconf 81' lang='lat' dir='ltr'><strong>iste</strong></span> <span class='ocrx_word' id='word_1_10' title='bbox 782 262 1056 315; x_wconf 71' lang='lat' dir='ltr'><strong>sophistarum</strong></span> <span class='ocrx_word' id='word_1_11' title='bbox 1086 261 1391 313; x_wconf 78' lang='lat' dir='ltr'><strong>catulorumque</strong></span> 
     </span>
     <span class='ocr_line' id='line_1_3' title="bbox 45 318 1390 376; baseline -0.002 -14"><span class='ocrx_word' id='word_1_12' title='bbox 45 324 269 374; x_wconf 77' lang='lat' dir='ltr'><strong>sapientiae</strong></span> <span class='ocrx_word' id='word_1_13' title='bbox 307 325 488 376; x_wconf 82' lang='lat' dir='ltr'><strong>ipsorum</strong></span> <span class='ocrx_word' id='word_1_14' title='bbox 539 323 655 363; x_wconf 89' lang='lat' dir='ltr'><strong>boni</strong></span> <span class='ocrx_word' id='word_1_15' title='bbox 697 321 789 375; x_wconf 86' lang='lat' dir='ltr'><strong>quid</strong></span> <span class='ocrx_word' id='word_1_16' title='bbox 828 325 1036 371; x_wconf 84' lang='lat' dir='ltr'><strong>acceptum</strong></span> <span class='ocrx_word' id='word_1_17' title='bbox 1075 320 1244 362; x_wconf 83' lang='lat' dir='ltr'><strong>referat.</strong></span> <span class='ocrx_word' id='word_1_18' title='bbox 1313 318 1390 359; x_wconf 79' lang='lat' dir='ltr'><strong>Cui</strong></span> 
     </span>
     <span class='ocr_line' id='line_1_4' title="bbox 42 376 1388 432; baseline -0.001 -14"><span class='ocrx_word' id='word_1_19' title='bbox 42 381 324 432; x_wconf 62' lang='lat' dir='ltr'><strong>Euthydemus</strong></span> <span class='ocrx_word' id='word_1_20' title='bbox 363 394 494 432; x_wconf 87' lang='lat' dir='ltr'><strong>neque</strong></span> <span class='ocrx_word' id='word_1_21' title='bbox 531 386 686 431; x_wconf 82' lang='lat' dir='ltr'><strong>patrem</strong></span> <span class='ocrx_word' id='word_1_22' title='bbox 725 391 840 418; x_wconf 83' lang='lat' dir='ltr'><strong>suum</strong></span> <span class='ocrx_word' id='word_1_23' title='bbox 891 390 968 416; x_wconf 88' lang='lat' dir='ltr'><strong>nec</strong></span> <span class='ocrx_word' id='word_1_24' title='bbox 1006 390 1228 429; x_wconf 82' lang='lat' dir='ltr'>quenquam</span> <span class='ocrx_word' id='word_1_25' title='bbox 1264 376 1388 416; x_wconf 81' lang='lat' dir='ltr'><strong>alium</strong></span> 
     </span>
     <span class='ocr_line' id='line_1_5' title="bbox 30 433 1389 488; baseline -0.001 -13"><span class='ocrx_word' id='word_1_26' title='bbox 30 438 263 488; x_wconf 66' lang='lat' dir='ltr'><strong>‚respondet</strong></span> <span class='ocrx_word' id='word_1_27' title='bbox 291 439 429 478; x_wconf 79' lang='lat' dir='ltr'><strong>multis</strong></span> <span class='ocrx_word' id='word_1_28' title='bbox 461 438 575 481; x_wconf 68' lang='lat' dir='ltr'><strong>bonis</strong></span> <span class='ocrx_word' id='word_1_29' title='bbox 604 437 800 488; x_wconf 74' lang='lat' dir='ltr'><strong>indigere-3</strong></span> <span class='ocrx_word' id='word_1_30' title='bbox 828 449 918 475; x_wconf 88' lang='lat' dir='ltr'><strong>nam</strong></span> <span class='ocrx_word' id='word_1_31' title='bbox 946 435 1173 486; x_wconf 71' lang='lat' dir='ltr'>aegrotanti</span> <span class='ocrx_word' id='word_1_32' title='bbox 1197 435 1233 474; x_wconf 78' lang='lat' dir='ltr'><strong>si</strong></span> <span class='ocrx_word' id='word_1_33' title='bbox 1262 433 1389 474; x_wconf 79' lang='lat' dir='ltr'><strong>multa</strong></span> 
     </span>
     <span class='ocr_line' id='line_1_6' title="bbox 40 491 1387 545; baseline -0.001 -11"><span class='ocrx_word' id='word_1_34' title='bbox 40 495 333 539; x_wconf 77' lang='lat' dir='ltr'><strong>medicamenta</strong></span> <span class='ocrx_word' id='word_1_35' title='bbox 377 499 421 534; x_wconf 86' lang='lat' dir='ltr'><strong>et</strong></span> <span class='ocrx_word' id='word_1_36' title='bbox 462 495 511 536; x_wconf 86' lang='lat' dir='ltr'><strong>ad</strong></span> <span class='ocrx_word' id='word_1_37' title='bbox 558 495 707 533; x_wconf 84' lang='lat' dir='ltr'><strong>bellum</strong></span> <span class='ocrx_word' id='word_1_38' title='bbox 747 493 1021 545; x_wconf 83' lang='lat' dir='ltr'><strong>proficiscenti</strong></span> <span class='ocrx_word' id='word_1_39' title='bbox 1059 492 1094 531; x_wconf 85' lang='lat' dir='ltr'><strong>si</strong></span> <span class='ocrx_word' id='word_1_40' title='bbox 1123 491 1249 531; x_wconf 85' lang='lat' dir='ltr'><strong>multa</strong></span> <span class='ocrx_word' id='word_1_41' title='bbox 1277 503 1387 532; x_wconf 73' lang='lat' dir='ltr'><strong>arma</strong></span> 
     </span>
     <span class='ocr_line' id='line_1_7' title="bbox 10 548 1385 601; baseline -0.001 -11"><span class='ocrx_word' id='word_1_42' title='bbox 10 564 11 569; x_wconf 57' lang='lat'>¹</span> <span class='ocrx_word' id='word_1_43' title='bbox 38 551 143 590; x_wconf 89' lang='lat' dir='ltr'><strong>bona</strong></span> <span class='ocrx_word' id='word_1_44' title='bbox 173 559 336 601; x_wconf 77' lang='lat' dir='ltr'><strong>essent,</strong></span> <span class='ocrx_word' id='word_1_45' title='bbox 365 551 470 591; x_wconf 86' lang='lat' dir='ltr'><strong>haud</strong></span> <span class='ocrx_word' id='word_1_46' title='bbox 500 551 620 591; x_wconf 84' lang='lat' dir='ltr'><strong>dubie</strong></span> <span class='ocrx_word' id='word_1_47' title='bbox 648 552 769 590; x_wconf 87' lang='lat' dir='ltr'><strong>etiam</strong></span> <span class='ocrx_word' id='word_1_48' title='bbox 799 550 1005 598; x_wconf 83' lang='lat' dir='ltr'><strong>futurum,</strong></span> <span class='ocrx_word' id='word_1_49' title='bbox 1034 552 1079 589; x_wconf 85' lang='lat' dir='ltr'><strong>ut</strong></span> <span class='ocrx_word' id='word_1_50' title='bbox 1109 562 1225 601; x_wconf 82' lang='lat' dir='ltr'><strong>qnam</strong></span> <span class='ocrx_word' id='word_1_51' title='bbox 1255 548 1385 599; x_wconf 82' lang='lat' dir='ltr'><strong>pluri-</strong></span> 
     </span>
     <span class='ocr_line' id='line_1_8' title="bbox 37 607 1384 658; baseline -0.004 -9"><span class='ocrx_word' id='word_1_52' title='bbox 37 622 145 650; x_wconf 88' lang='lat' dir='ltr'><strong>mum</strong></span> <span class='ocrx_word' id='word_1_53' title='bbox 175 609 557 653; x_wconf 78' lang='lat' dir='ltr'><strong>medicamentorum</strong></span> <span class='ocrx_word' id='word_1_54' title='bbox 589 614 632 650; x_wconf 83' lang='lat' dir='ltr'><strong>et</strong></span> <span class='ocrx_word' id='word_1_55' title='bbox 649 620 848 651; x_wconf 85' lang='lat' dir='ltr'><strong>armorum</strong></span> <span class='ocrx_word' id='word_1_56' title='bbox 877 607 1136 654; x_wconf 75' lang='lat' dir='ltr'><strong>conduceret,</strong></span> <span class='ocrx_word' id='word_1_57' title='bbox 1166 618 1286 658; x_wconf 87' lang='lat' dir='ltr'><strong>quum</strong></span> <span class='ocrx_word' id='word_1_58' title='bbox 1315 609 1384 644; x_wconf 85' lang='lat' dir='ltr'><strong>ta-</strong></span> 
     </span>
     <span class='ocr_line' id='line_1_9' title="bbox 5 663 1382 718; baseline -0.003 -12"><span class='ocrx_word' id='word_1_59' title='bbox 5 687 8 714; x_wconf 74' lang='lat'><em>3</em></span> <span class='ocrx_word' id='word_1_60' title='bbox 38 679 132 706; x_wconf 89' lang='lat' dir='ltr'><strong>men</strong></span> <span class='ocrx_word' id='word_1_61' title='bbox 170 679 291 718; x_wconf 86' lang='lat' dir='ltr'><strong>pauca</strong></span> <span class='ocrx_word' id='word_1_62' title='bbox 331 666 424 705; x_wconf 81' lang='lat' dir='ltr'><strong>fere</strong></span> <span class='ocrx_word' id='word_1_63' title='bbox 464 667 562 704; x_wconf 82' lang='lat' dir='ltr'><strong>satis</strong></span> <span class='ocrx_word' id='word_1_64' title='bbox 599 667 690 705; x_wconf 86' lang='lat' dir='ltr'><strong>sint.</strong></span> <span class='ocrx_word' id='word_1_65' title='bbox 750 665 890 716; x_wconf 79' lang='lat' dir='ltr'><strong>ltaque</strong></span> <span class='ocrx_word' id='word_1_66' title='bbox 928 664 1006 703; x_wconf 87' lang='lat' dir='ltr'><strong>hac</strong></span> <span class='ocrx_word' id='word_1_67' title='bbox 1033 663 1382 715; x_wconf 69' lang='lat' dir='ltr'><strong>argumentatione</strong></span> 
     </span>
     <span class='ocr_line' id='line_1_10' title="bbox 5 716 1382 774; baseline -0.003 -12"><span class='ocrx_word' id='word_1_68' title='bbox 5 733 7 762; x_wconf 79' lang='lat' dir='ltr'>J</span> <span class='ocrx_word' id='word_1_69' title='bbox 37 725 279 771; x_wconf 75' lang='lat' dir='ltr'><strong>ostenditur,</strong></span> <span class='ocrx_word' id='word_1_70' title='bbox 309 736 386 765; x_wconf 86' lang='lat' dir='ltr'><strong>non</strong></span> <span class='ocrx_word' id='word_1_71' title='bbox 410 737 503 762; x_wconf 75' lang='lat' dir='ltr'><strong>esse</strong></span> <span class='ocrx_word' id='word_1_72' title='bbox 524 736 660 762; x_wconf 69' lang='lat' dir='ltr'><strong>verum</strong></span> <span class='ocrx_word' id='word_1_73' title='bbox 682 716 790 774; x_wconf 80' lang='lat' dir='ltr'><strong>quod</strong></span> <span class='ocrx_word' id='word_1_74' title='bbox 816 722 1001 767; x_wconf 87' lang='lat' dir='ltr'><strong>homines</strong></span> <span class='ocrx_word' id='word_1_75' title='bbox 1029 721 1149 773; x_wconf 75' lang='lat' dir='ltr'><strong>vulgo</strong></span> <span class='ocrx_word' id='word_1_76' title='bbox 1178 721 1382 759; x_wconf 70' lang='lat' dir='ltr'><strong>arbitren-</strong></span> 
     </span>
     <span class='ocr_line' id='line_1_11' title="bbox 0 777 1380 833; baseline -0.004 -13"><span class='ocrx_word' id='word_1_77' title='bbox 0 809 5 826; x_wconf 41' lang='lat' dir='ltr'><em>f</em></span> <span class='ocrx_word' id='word_1_78' title='bbox 35 785 127 829; x_wconf 85' lang='lat' dir='ltr'><strong>tur,</strong></span> <span class='ocrx_word' id='word_1_79' title='bbox 157 793 355 833; x_wconf 83' lang='lat' dir='ltr'><strong>quemque</strong></span> <span class='ocrx_word' id='word_1_80' title='bbox 385 793 435 819; x_wconf 92' lang='lat' dir='ltr'><strong>eo</strong></span> <span class='ocrx_word' id='word_1_81' title='bbox 467 794 559 820; x_wconf 79' lang='lat' dir='ltr'><strong>esse</strong></span> <span class='ocrx_word' id='word_1_82' title='bbox 589 781 831 828; x_wconf 84' lang='lat' dir='ltr'><strong>feliciorem,</strong></span> <span class='ocrx_word' id='word_1_83' title='bbox 861 791 940 831; x_wconf 88' lang='lat' dir='ltr'><strong>quo</strong></span> <span class='ocrx_word' id='word_1_84' title='bbox 969 779 1084 830; x_wconf 86' lang='lat' dir='ltr'><strong>plura</strong></span> <span class='ocrx_word' id='word_1_85' title='bbox 1113 779 1216 822; x_wconf 87' lang='lat' dir='ltr'><strong>bona</strong></span> <span class='ocrx_word' id='word_1_86' title='bbox 1246 777 1380 829; x_wconf 79' lang='lat' dir='ltr'><strong>possi-</strong></span> 
     </span>
     <span class='ocr_line' id='line_1_12' title="bbox 0 834 1380 889; baseline -0.004 -12"><span class='ocrx_word' id='word_1_87' title='bbox 0 843 2 871; x_wconf 78' lang='grc' dir='ltr'>ἰ</span> <span class='ocrx_word' id='word_1_88' title='bbox 35 837 148 878; x_wconf 87' lang='lat' dir='ltr'><strong>deat:</strong></span> <span class='ocrx_word' id='word_1_89' title='bbox 179 838 508 889; x_wconf 82' lang='lat' dir='ltr'><strong>quemadmodum</strong></span> <span class='ocrx_word' id='word_1_90' title='bbox 536 839 638 877; x_wconf 88' lang='lat' dir='ltr'><strong>enim</strong></span> <span class='ocrx_word' id='word_1_91' title='bbox 657 837 704 876; x_wconf 90' lang='lat' dir='ltr'><strong>ad</strong></span> <span class='ocrx_word' id='word_1_92' title='bbox 727 836 924 877; x_wconf 80' lang='lat' dir='ltr'><strong>sanandos</strong></span> <span class='ocrx_word' id='word_1_93' title='bbox 943 837 1107 878; x_wconf 87' lang='lat' dir='ltr'><strong>morbos</strong></span> <span class='ocrx_word' id='word_1_94' title='bbox 1124 848 1251 888; x_wconf 84' lang='lat' dir='ltr'><strong>pauca</strong></span> <span class='ocrx_word' id='word_1_95' title='bbox 1269 834 1380 873; x_wconf 74' lang='lat' dir='ltr'><strong>vale-</strong></span> 
     </span>
     <span class='ocr_line' id='line_1_13' title="bbox 0 891 1380 948; baseline -0.003 -14"><span class='ocrx_word' id='word_1_96' title='bbox 0 894 3 916; x_wconf 54' lang='grc' dir='ltr'>ἶ</span> <span class='ocrx_word' id='word_1_97' title='bbox 33 899 103 934; x_wconf 85' lang='lat' dir='ltr'><strong>ant</strong></span> <span class='ocrx_word' id='word_1_98' title='bbox 120 895 422 942; x_wconf 84' lang='lat' dir='ltr'><strong>medicamenta,</strong></span> <span class='ocrx_word' id='word_1_99' title='bbox 452 896 507 934; x_wconf 89' lang='lat' dir='ltr'><strong>ita</strong></span> <span class='ocrx_word' id='word_1_100' title='bbox 527 896 574 933; x_wconf 93' lang='lat' dir='ltr'><strong>ad</strong></span> <span class='ocrx_word' id='word_1_101' title='bbox 595 897 715 934; x_wconf 74' lang='lat' dir='ltr'><strong>vitam</strong></span> <span class='ocrx_word' id='word_1_102' title='bbox 735 895 839 934; x_wconf 88' lang='lat' dir='ltr'><strong>bene</strong></span> <span class='ocrx_word' id='word_1_103' title='bbox 859 894 1081 946; x_wconf 79' lang='lat' dir='ltr'><strong>degendam</strong></span> <span class='ocrx_word' id='word_1_104' title='bbox 1107 893 1244 948; x_wconf 80' lang='lat' dir='ltr'><strong>paucis</strong></span> <span class='ocrx_word' id='word_1_105' title='bbox 1260 891 1380 931; x_wconf 67' lang='lat' dir='ltr'><strong>bonis</strong></span> 
     </span>
     <span class='ocr_line' id='line_1_14' title="bbox 34 950 1379 1004; baseline -0.002 -13"><span class='ocrx_word' id='word_1_106' title='bbox 34 965 135 1004; x_wconf 79' lang='lat' dir='ltr'><strong>opus</strong></span> <span class='ocrx_word' id='word_1_107' title='bbox 166 965 270 994; x_wconf 85' lang='lat' dir='ltr'><strong>esse.</strong></span> <span class='ocrx_word' id='word_1_108' title='bbox 328 953 529 991; x_wconf 81' lang='lat' dir='ltr'><strong>Incertum</strong></span> <span class='ocrx_word' id='word_1_109' title='bbox 548 957 624 991; x_wconf 65' lang='lat' dir='ltr'><strong>&gt;est</strong></span> <span class='ocrx_word' id='word_1_110' title='bbox 653 952 758 991; x_wconf 89' lang='lat' dir='ltr'><strong>unde</strong></span> <span class='ocrx_word' id='word_1_111' title='bbox 787 952 865 990; x_wconf 86' lang='lat' dir='ltr'><strong>hoc</strong></span> <span class='ocrx_word' id='word_1_112' title='bbox 896 952 1103 990; x_wconf 89' lang='lat' dir='ltr'><strong>decretum</strong></span> <span class='ocrx_word' id='word_1_113' title='bbox 1133 951 1188 990; x_wconf 81' lang='lat' dir='ltr'><strong>sit</strong></span> <span class='ocrx_word' id='word_1_114' title='bbox 1217 950 1379 1001; x_wconf 87' lang='lat' dir='ltr'><strong>repeti-</strong></span> 
     </span>
     <span class='ocr_line' id='line_1_15' title="bbox 32 1006 1380 1061; baseline -0.001 -13"><span class='ocrx_word' id='word_1_115' title='bbox 32 1014 137 1049; x_wconf 85' lang='lat' dir='ltr'><strong>tum:</strong></span> <span class='ocrx_word' id='word_1_116' title='bbox 169 1023 388 1061; x_wconf 81' lang='lat' dir='ltr'><strong>quanquam</strong></span> <span class='ocrx_word' id='word_1_117' title='bbox 415 1010 507 1048; x_wconf 84' lang='lat' dir='ltr'><strong>fieri</strong></span> <span class='ocrx_word' id='word_1_118' title='bbox 537 1014 694 1060; x_wconf 80' lang='lat' dir='ltr'><strong>potest,</strong></span> <span class='ocrx_word' id='word_1_119' title='bbox 724 1014 770 1047; x_wconf 90' lang='lat' dir='ltr'><strong>ut</strong></span> <span class='ocrx_word' id='word_1_120' title='bbox 799 1010 875 1061; x_wconf 83' lang='lat' dir='ltr'><strong>ipsi</strong></span> <span class='ocrx_word' id='word_1_121' title='bbox 903 1009 1054 1049; x_wconf 83' lang='lat' dir='ltr'><strong>fratres</strong></span> <span class='ocrx_word' id='word_1_122' title='bbox 1082 1008 1181 1047; x_wconf 82' lang='lat' dir='ltr'><strong>illud</strong></span> <span class='ocrx_word' id='word_1_123' title='bbox 1211 1006 1380 1058; x_wconf 80' lang='lat' dir='ltr'><strong>excogi-</strong></span> 
     </span>
     <span class='ocr_line' id='line_1_16' title="bbox 31 1067 1376 1118; baseline -0.003 -12"><span class='ocrx_word' id='word_1_124' title='bbox 31 1068 206 1106; x_wconf 74' lang='lat' dir='ltr'><strong>taverint</strong></span> <span class='ocrx_word' id='word_1_125' title='bbox 250 1068 299 1105; x_wconf 88' lang='lat' dir='ltr'><strong>ad</strong></span> <span class='ocrx_word' id='word_1_126' title='bbox 349 1067 628 1108; x_wconf 76' lang='lat' dir='ltr'><strong>consolandam</strong></span> <span class='ocrx_word' id='word_1_127' title='bbox 680 1080 791 1110; x_wconf 85' lang='lat' dir='ltr'><strong>suam</strong></span> <span class='ocrx_word' id='word_1_128' title='bbox 846 1068 1024 1118; x_wconf 84' lang='lat' dir='ltr'><strong>ipsorum</strong></span> <span class='ocrx_word' id='word_1_129' title='bbox 1078 1068 1376 1116; x_wconf 82' lang='lat' dir='ltr'><strong>paupertatem.</strong></span> 
     </span>
     <span class='ocr_line' id='line_1_17' title="bbox 30 1122 1378 1178; baseline -0.004 -14"><span class='ocrx_word' id='word_1_130' title='bbox 30 1122 310 1175; x_wconf 83' lang='lat' dir='ltr'><strong>Reprehendit</strong></span> <span class='ocrx_word' id='word_1_131' title='bbox 343 1129 478 1164; x_wconf 79' lang='lat' dir='ltr'><strong>autem</strong></span> <span class='ocrx_word' id='word_1_132' title='bbox 508 1125 724 1176; x_wconf 76' lang='lat' dir='ltr'><strong>Ctesippus</strong></span> <span class='ocrx_word' id='word_1_133' title='bbox 755 1124 858 1162; x_wconf 85' lang='lat' dir='ltr'><strong>hanc</strong></span> <span class='ocrx_word' id='word_1_134' title='bbox 886 1123 1094 1175; x_wconf 76' lang='lat' dir='ltr'><strong>sophistae</strong></span> <span class='ocrx_word' id='word_1_135' title='bbox 1121 1125 1378 1178; x_wconf 77' lang='lat' dir='ltr'><strong>argumenta-</strong></span> 
     </span>
     <span class='ocr_line' id='line_1_18' title="bbox 30 1178 1378 1236; baseline -0.001 -16"><span class='ocrx_word' id='word_1_136' title='bbox 30 1183 201 1229; x_wconf 82' lang='lat' dir='ltr'><strong>tionem,</strong></span> <span class='ocrx_word' id='word_1_137' title='bbox 232 1181 432 1236; x_wconf 75' lang='lat' dir='ltr'><strong>Geryonis</strong></span> <span class='ocrx_word' id='word_1_138' title='bbox 464 1186 506 1220; x_wconf 84' lang='lat' dir='ltr'><strong>et</strong></span> <span class='ocrx_word' id='word_1_139' title='bbox 535 1182 689 1220; x_wconf 76' lang='lat' dir='ltr'><strong>Briarei</strong></span> <span class='ocrx_word' id='word_1_140' title='bbox 717 1182 890 1224; x_wconf 76' lang='lat' dir='ltr'><strong>afferens</strong></span> <span class='ocrx_word' id='word_1_141' title='bbox 922 1180 1161 1231; x_wconf 81' lang='lat' dir='ltr'><strong>exemplum,</strong></span> <span class='ocrx_word' id='word_1_142' title='bbox 1191 1181 1258 1232; x_wconf 87' lang='lat' dir='ltr'><strong>qni</strong></span> <span class='ocrx_word' id='word_1_143' title='bbox 1287 1178 1378 1231; x_wconf 80' lang='lat' dir='ltr'><strong>plu-</strong></span> 
     </span>
     <span class='ocr_line' id='line_1_19' title="bbox 29 1237 1376 1291; baseline -0.002 -14"><span class='ocrx_word' id='word_1_144' title='bbox 29 1239 141 1278; x_wconf 84' lang='lat' dir='ltr'><strong>ribus</strong></span> <span class='ocrx_word' id='word_1_145' title='bbox 180 1244 293 1277; x_wconf 84' lang='lat' dir='ltr'><strong>certe</strong></span> <span class='ocrx_word' id='word_1_146' title='bbox 341 1241 461 1281; x_wconf 85' lang='lat' dir='ltr'><strong>armis</strong></span> <span class='ocrx_word' id='word_1_147' title='bbox 497 1240 754 1291; x_wconf 80' lang='lat' dir='ltr'><strong>indiguerint.</strong></span> <span class='ocrx_word' id='word_1_148' title='bbox 819 1238 900 1277; x_wconf 86' lang='lat' dir='ltr'><strong>Sed</strong></span> <span class='ocrx_word' id='word_1_149' title='bbox 939 1239 1006 1277; x_wconf 88' lang='lat' dir='ltr'><strong>hic</strong></span> <span class='ocrx_word' id='word_1_150' title='bbox 1046 1237 1376 1288; x_wconf 59' lang='lat' dir='ltr'><strong>Dionysodorum</strong></span> 
     </span>
     <span class='ocr_line' id='line_1_20' title="bbox 33 1295 1377 1347; baseline -0.003 -12"><span class='ocrx_word' id='word_1_151' title='bbox 33 1295 76 1335; x_wconf 90' lang='lat' dir='ltr'><strong>Si</strong></span> <span class='ocrx_word' id='word_1_152' title='bbox 107 1297 251 1334; x_wconf 88' lang='lat' dir='ltr'><strong>bonum</strong></span> <span class='ocrx_word' id='word_1_153' title='bbox 295 1301 379 1344; x_wconf 77' lang='lat' dir='ltr'><strong>est,</strong></span> <span class='ocrx_word' id='word_1_154' title='bbox 418 1297 568 1347; x_wconf 81' lang='lat' dir='ltr'><strong>inquit,</strong></span> <span class='ocrx_word' id='word_1_155' title='bbox 613 1309 751 1334; x_wconf 87' lang='lat' dir='ltr'><strong>aurum</strong></span> <span class='ocrx_word' id='word_1_156' title='bbox 791 1296 944 1334; x_wconf 85' lang='lat' dir='ltr'><strong>habere</strong></span> <span class='ocrx_word' id='word_1_157' title='bbox 981 1296 1099 1347; x_wconf 85' lang='lat' dir='ltr'><strong>quam</strong></span> <span class='ocrx_word' id='word_1_158' title='bbox 1148 1295 1377 1345; x_wconf 85' lang='lat' dir='ltr'><strong>plurimum,</strong></span> 
     </span>
     <span class='ocr_line' id='line_1_21' title="bbox 30 1350 1376 1405; baseline -0.001 -15"><span class='ocrx_word' id='word_1_159' title='bbox 30 1354 222 1405; x_wconf 81' lang='lat' dir='ltr'><strong>profecto</strong></span> <span class='ocrx_word' id='word_1_160' title='bbox 263 1353 447 1391; x_wconf 73' lang='lat' dir='ltr'><strong>ine-erit</strong></span> <span class='ocrx_word' id='word_1_161' title='bbox 483 1353 761 1400; x_wconf 87' lang='lat' dir='ltr'><strong>beatissimus,</strong></span> <span class='ocrx_word' id='word_1_162' title='bbox 798 1353 866 1404; x_wconf 89' lang='lat' dir='ltr'><strong>qui</strong></span> <span class='ocrx_word' id='word_1_163' title='bbox 906 1353 982 1392; x_wconf 81' lang='lat' dir='ltr'><strong>tria</strong></span> <span class='ocrx_word' id='word_1_164' title='bbox 1019 1352 1106 1390; x_wconf 91' lang='lat' dir='ltr'><strong>auri</strong></span> <span class='ocrx_word' id='word_1_165' title='bbox 1144 1352 1296 1391; x_wconf 86' lang='lat' dir='ltr'><strong>talenta</strong></span> <span class='ocrx_word' id='word_1_166' title='bbox 1333 1350 1376 1389; x_wconf 85' lang='lat' dir='ltr'><strong>in</strong></span> 
     </span>
     <span class='ocr_line' id='line_1_22' title="bbox 29 1409 1376 1461; baseline -0.003 -12"><span class='ocrx_word' id='word_1_167' title='bbox 29 1415 199 1458; x_wconf 65' lang='lat' dir='ltr'><strong>ventre,</strong></span> <span class='ocrx_word' id='word_1_168' title='bbox 239 1423 356 1448; x_wconf 86' lang='lat' dir='ltr'><strong>unum</strong></span> <span class='ocrx_word' id='word_1_169' title='bbox 394 1411 433 1454; x_wconf 85' lang='lat' dir='ltr'><strong>in</strong></span> <span class='ocrx_word' id='word_1_170' title='bbox 477 1411 610 1461; x_wconf 86' lang='lat' dir='ltr'><strong>capite</strong></span> <span class='ocrx_word' id='word_1_171' title='bbox 652 1415 695 1449; x_wconf 85' lang='lat' dir='ltr'><strong>et</strong></span> <span class='ocrx_word' id='word_1_172' title='bbox 732 1410 771 1447; x_wconf 87' lang='lat' dir='ltr'><strong>in</strong></span> <span class='ocrx_word' id='word_1_173' title='bbox 806 1417 980 1460; x_wconf 82' lang='lat' dir='ltr'><strong>utroque</strong></span> <span class='ocrx_word' id='word_1_174' title='bbox 1020 1409 1138 1446; x_wconf 83' lang='lat' dir='ltr'><strong>oculo</strong></span> <span class='ocrx_word' id='word_1_175' title='bbox 1180 1414 1376 1447; x_wconf 79' lang='lat' dir='ltr'><strong>staterem</strong></span> 
     </span>
     <span class='ocr_line' id='line_1_23' title="bbox 30 1466 1376 1515; baseline -0.001 -9"><span class='ocrx_word' id='word_1_176' title='bbox 30 1466 203 1515; x_wconf 79' lang='lat' dir='ltr'><strong>habeat,</strong></span> <span class='ocrx_word' id='word_1_177' title='bbox 244 1467 400 1506; x_wconf 86' lang='lat' dir='ltr'><strong>scilicet</strong></span> <span class='ocrx_word' id='word_1_178' title='bbox 438 1467 667 1506; x_wconf 85' lang='lat' dir='ltr'><strong>habendi</strong></span> <span class='ocrx_word' id='word_1_179' title='bbox 704 1467 940 1505; x_wconf 78' lang='lat' dir='ltr'><strong>vocabulum</strong></span> <span class='ocrx_word' id='word_1_180' title='bbox 970 1466 1114 1508; x_wconf 81' lang='lat' dir='ltr'><strong>callide</strong></span> <span class='ocrx_word' id='word_1_181' title='bbox 1143 1466 1221 1504; x_wconf 87' lang='lat' dir='ltr'><strong>alio</strong></span> <span class='ocrx_word' id='word_1_182' title='bbox 1252 1476 1376 1505; x_wconf 82' lang='lat' dir='ltr'><strong>seusu</strong></span> 
     </span>
     <span class='ocr_line' id='line_1_24' title="bbox 29 1522 1375 1575; baseline -0.003 -12"><span class='ocrx_word' id='word_1_183' title='bbox 29 1535 206 1575; x_wconf 73' lang='lat' dir='ltr'><strong>ponens,</strong></span> <span class='ocrx_word' id='word_1_184' title='bbox 255 1536 332 1574; x_wconf 91' lang='lat' dir='ltr'><strong>quo</strong></span> <span class='ocrx_word' id='word_1_185' title='bbox 378 1525 506 1575; x_wconf 82' lang='lat' dir='ltr'><strong>magis</strong></span> <span class='ocrx_word' id='word_1_186' title='bbox 551 1523 851 1562; x_wconf 79' lang='lat' dir='ltr'><strong>adolescentem</strong></span> <span class='ocrx_word' id='word_1_187' title='bbox 899 1524 941 1567; x_wconf 84' lang='lat' dir='ltr'><strong>in</strong></span> <span class='ocrx_word' id='word_1_188' title='bbox 978 1522 1163 1561; x_wconf 83' lang='lat' dir='ltr'><strong>fraudem</strong></span> <span class='ocrx_word' id='word_1_189' title='bbox 1198 1522 1375 1562; x_wconf 80' lang='lat' dir='ltr'><strong>inducat.</strong></span> 
     </span>
     <span class='ocr_line' id='line_1_25' title="bbox 30 1578 1375 1632; baseline -0.004 -11"><span class='ocrx_word' id='word_1_190' title='bbox 30 1581 112 1624; x_wconf 81' lang='lat' dir='ltr'><strong>Sed</strong></span> <span class='ocrx_word' id='word_1_191' title='bbox 151 1581 364 1632; x_wconf 73' lang='lat' dir='ltr'><strong>Ctesippus</strong></span> <span class='ocrx_word' id='word_1_192' title='bbox 401 1594 448 1619; x_wconf 84' lang='lat' dir='ltr'><strong>re</strong></span> <span class='ocrx_word' id='word_1_193' title='bbox 490 1586 608 1621; x_wconf 87' lang='lat' dir='ltr'><strong>acute</strong></span> <span class='ocrx_word' id='word_1_194' title='bbox 647 1586 863 1632; x_wconf 82' lang='lat' dir='ltr'><strong>perspecta</strong></span> <span class='ocrx_word' id='word_1_195' title='bbox 893 1580 1159 1619; x_wconf 79' lang='lat' dir='ltr'><strong>urbanissimo</strong></span> <span class='ocrx_word' id='word_1_196' title='bbox 1187 1592 1276 1619; x_wconf 89' lang='lat' dir='ltr'><strong>cum</strong></span> <span class='ocrx_word' id='word_1_197' title='bbox 1308 1578 1375 1616; x_wconf 89' lang='lat' dir='ltr'><strong>le.-</strong></span> 
     </span>
     <span class='ocr_line' id='line_1_26' title="bbox 30 1637 1376 1691; baseline -0.002 -14"><span class='ocrx_word' id='word_1_198' title='bbox 30 1650 132 1691; x_wconf 83' lang='lat' dir='ltr'><strong>pore</strong></span> <span class='ocrx_word' id='word_1_199' title='bbox 159 1638 277 1677; x_wconf 81' lang='lat' dir='ltr'><strong>istam</strong></span> <span class='ocrx_word' id='word_1_200' title='bbox 308 1639 545 1677; x_wconf 86' lang='lat' dir='ltr'><strong>seutentiam</strong></span> <span class='ocrx_word' id='word_1_201' title='bbox 576 1642 806 1689; x_wconf 78' lang='lat' dir='ltr'><strong>exaggerat,</strong></span> <span class='ocrx_word' id='word_1_202' title='bbox 837 1637 1010 1689; x_wconf 82' lang='lat' dir='ltr'><strong>Scythas</strong></span> <span class='ocrx_word' id='word_1_203' title='bbox 1039 1649 1204 1681; x_wconf 84' lang='lat' dir='ltr'><strong>narrans</strong></span> <span class='ocrx_word' id='word_1_204' title='bbox 1232 1647 1376 1674; x_wconf 65' lang='lat' dir='ltr'><strong>revera.</strong></span> 
     </span>
     <span class='ocr_line' id='line_1_27' title="bbox 29 1693 1375 1752; baseline -0.002 -17"><span class='ocrx_word' id='word_1_205' title='bbox 29 1696 71 1735; x_wconf 88' lang='lat' dir='ltr'><strong>in</strong></span> <span class='ocrx_word' id='word_1_206' title='bbox 100 1696 296 1752; x_wconf 83' lang='lat' dir='ltr'><strong>capitibus</strong></span> <span class='ocrx_word' id='word_1_207' title='bbox 335 1697 418 1734; x_wconf 80' lang='lat' dir='ltr'><strong>suis</strong></span> <span class='ocrx_word' id='word_1_208' title='bbox 456 1708 595 1735; x_wconf 88' lang='lat' dir='ltr'><strong>aurum</strong></span> <span class='ocrx_word' id='word_1_209' title='bbox 623 1696 778 1740; x_wconf 82' lang='lat' dir='ltr'><strong>hahere</strong></span> <span class='ocrx_word' id='word_1_210' title='bbox 807 1695 965 1742; x_wconf 78' lang='lat' dir='ltr'><strong>solere,</strong></span> <span class='ocrx_word' id='word_1_211' title='bbox 1003 1699 1049 1734; x_wconf 91' lang='lat' dir='ltr'><strong>ut</strong></span> <span class='ocrx_word' id='word_1_212' title='bbox 1079 1694 1146 1745; x_wconf 90' lang='lat' dir='ltr'><strong>qni</strong></span> <span class='ocrx_word' id='word_1_213' title='bbox 1175 1707 1198 1732; x_wconf 93' lang='lat' dir='ltr'><strong>e</strong></span> <span class='ocrx_word' id='word_1_214' title='bbox 1228 1693 1375 1732; x_wconf 78' lang='lat' dir='ltr'><strong>craniis</strong></span> 
     </span>
     <span class='ocr_line' id='line_1_28' title="bbox 30 1752 1374 1804; baseline 0 -13"><span class='ocrx_word' id='word_1_215' title='bbox 30 1753 116 1792; x_wconf 81' lang='lat' dir='ltr'><strong>suis</strong></span> <span class='ocrx_word' id='word_1_216' title='bbox 154 1754 302 1795; x_wconf 75' lang='lat' dir='ltr'><strong>auratis</strong></span> <span class='ocrx_word' id='word_1_217' title='bbox 344 1752 481 1793; x_wconf 84' lang='lat' dir='ltr'><strong>bibant</strong></span> <span class='ocrx_word' id='word_1_218' title='bbox 520 1758 640 1804; x_wconf 84' lang='lat' dir='ltr'><strong>atque</strong></span> <span class='ocrx_word' id='word_1_219' title='bbox 679 1752 780 1790; x_wconf 88' lang='lat' dir='ltr'><strong>adeo</strong></span> <span class='ocrx_word' id='word_1_220' title='bbox 819 1753 1036 1791; x_wconf 85' lang='lat' dir='ltr'><strong>interiores</strong></span> <span class='ocrx_word' id='word_1_221' title='bbox 1067 1765 1204 1790; x_wconf 85' lang='lat' dir='ltr'><strong>eorum</strong></span> <span class='ocrx_word' id='word_1_222' title='bbox 1235 1754 1374 1802; x_wconf 60' lang='lat' dir='ltr'><strong>parton</strong></span> 
     </span>
     <span class='ocr_line' id='line_1_29' title="bbox 31 1809 1374 1864; baseline -0.002 -15"><span class='ocrx_word' id='word_1_223' title='bbox 31 1810 159 1849; x_wconf 72' lang='lat' dir='ltr'><strong>oculis</strong></span> <span class='ocrx_word' id='word_1_224' title='bbox 188 1811 270 1849; x_wconf 84' lang='lat' dir='ltr'><strong>suis</strong></span> <span class='ocrx_word' id='word_1_225' title='bbox 290 1810 578 1864; x_wconf 81' lang='lat' dir='ltr'><strong>introspiciant.</strong></span> <span class='ocrx_word' id='word_1_226' title='bbox 636 1810 818 1850; x_wconf 80' lang='lat' dir='ltr'><strong>Acumen</strong></span> <span class='ocrx_word' id='word_1_227' title='bbox 838 1810 917 1848; x_wconf 87' lang='lat' dir='ltr'><strong>hoc</strong></span> <span class='ocrx_word' id='word_1_228' title='bbox 943 1809 1212 1848; x_wconf 82' lang='lat' dir='ltr'><strong>adolescentis</strong></span> <span class='ocrx_word' id='word_1_229' title='bbox 1234 1809 1374 1847; x_wconf 81' lang='lat' dir='ltr'><strong>elusu-</strong></span> 
     </span>
     <span class='ocr_line' id='line_1_30' title="bbox 30 1865 1376 1918; baseline -0.004 -11"><span class='ocrx_word' id='word_1_230' title='bbox 30 1880 100 1907; x_wconf 81' lang='lat' dir='ltr'><strong>rus</strong></span> <span class='ocrx_word' id='word_1_231' title='bbox 138 1866 416 1918; x_wconf 79' lang='lat' dir='ltr'><strong>Euthydemus</strong></span> <span class='ocrx_word' id='word_1_232' title='bbox 459 1872 652 1918; x_wconf 84' lang='lat' dir='ltr'><strong>protenus</strong></span> <span class='ocrx_word' id='word_1_233' title='bbox 681 1868 797 1905; x_wconf 85' lang='lat' dir='ltr'><strong>aliam</strong></span> <span class='ocrx_word' id='word_1_234' title='bbox 828 1868 867 1905; x_wconf 87' lang='lat' dir='ltr'><strong>in</strong></span> <span class='ocrx_word' id='word_1_235' title='bbox 899 1866 1070 1907; x_wconf 78' lang='lat' dir='ltr'><strong>medium</strong></span> <span class='ocrx_word' id='word_1_236' title='bbox 1102 1866 1223 1905; x_wconf 80' lang='lat' dir='ltr'><strong>aflert</strong></span> <span class='ocrx_word' id='word_1_237' title='bbox 1252 1865 1376 1905; x_wconf 67' lang='lat' dir='ltr'><strong>falla«-</strong></span> 
     </span>
     <span class='ocr_line' id='line_1_31' title="bbox 32 1921 1373 1976; baseline -0.001 -13"><span class='ocrx_word' id='word_1_238' title='bbox 32 1925 148 1963; x_wconf 86' lang='lat' dir='ltr'><strong>ciam.</strong></span> <span class='ocrx_word' id='word_1_239' title='bbox 205 1921 430 1976; x_wconf 71' lang='lat' dir='ltr'><strong>luterrogat</strong></span> <span class='ocrx_word' id='word_1_240' title='bbox 475 1926 579 1963; x_wconf 79' lang='lat' dir='ltr'><strong>enim</strong></span> <span class='ocrx_word' id='word_1_241' title='bbox 610 1937 801 1975; x_wconf 85' lang='lat' dir='ltr'><strong>perquam</strong></span> <span class='ocrx_word' id='word_1_242' title='bbox 832 1925 1040 1975; x_wconf 81' lang='lat' dir='ltr'><strong>ambigue,</strong></span> <span class='ocrx_word' id='word_1_243' title='bbox 1078 1923 1256 1974; x_wconf 78' lang='lat' dir='ltr'><strong>Scythae</strong></span> <span class='ocrx_word' id='word_1_244' title='bbox 1286 1923 1373 1961; x_wconf 82' lang='lat' dir='ltr'><strong>alii-</strong></span> 
     </span>
     <span class='ocr_line' id='line_1_32' title="bbox 34 1979 1376 2034; baseline 0 -15"><span class='ocrx_word' id='word_1_245' title='bbox 34 1994 114 2034; x_wconf 89' lang='lat' dir='ltr'><strong>que</strong></span> <span class='ocrx_word' id='word_1_246' title='bbox 139 1981 324 2020; x_wconf 82' lang='lat' dir='ltr'><strong>homines</strong></span> <span class='ocrx_word' id='word_1_247' title='bbox 352 1995 444 2020; x_wconf 90' lang='lat' dir='ltr'><strong>num</strong></span> <span class='ocrx_word' id='word_1_248' title='bbox 473 1995 519 2020; x_wconf 90' lang='lat' dir='ltr'><strong>ea</strong></span> <span class='ocrx_word' id='word_1_249' title='bbox 547 1983 720 2029; x_wconf 83' lang='lat' dir='ltr'><strong>videant,</strong></span> <span class='ocrx_word' id='word_1_250' title='bbox 752 1994 852 2032; x_wconf 85' lang='lat' dir='ltr'><strong>qnae</strong></span> <span class='ocrx_word' id='word_1_251' title='bbox 881 1982 1019 2021; x_wconf 81' lang='lat' dir='ltr'><strong>videre</strong></span> <span class='ocrx_word' id='word_1_252' title='bbox 1048 1981 1217 2032; x_wconf 80' lang='lat' dir='ltr'><strong>possint.</strong></span> <span class='ocrx_word' id='word_1_253' title='bbox 1272 1979 1376 2020; x_wconf 85' lang='lat' dir='ltr'><strong>Nam</strong></span> 
     </span>
     <span class='ocr_line' id='line_1_33' title="bbox 31 2037 1378 2090; baseline -0.002 -12"><span class='ocrx_word' id='word_1_254' title='bbox 31 2037 141 2078; x_wconf 80' lang='lat' dir='ltr'><strong>istud</strong></span> <span class='ocrx_word' id='word_1_255' title='bbox 169 2051 299 2089; x_wconf 86' lang='lat' dir='ltr'><strong>quae</strong></span> <span class='ocrx_word' id='word_1_256' title='bbox 331 2039 464 2090; x_wconf 84' lang='lat' dir='ltr'><strong>prouti</strong></span> <span class='ocrx_word' id='word_1_257' title='bbox 490 2039 716 2078; x_wconf 84' lang='lat' dir='ltr'><strong>nominandi</strong></span> <span class='ocrx_word' id='word_1_258' title='bbox 745 2039 809 2077; x_wconf 68' lang='lat' dir='ltr'><strong>vel</strong></span> <span class='ocrx_word' id='word_1_259' title='bbox 837 2039 1047 2077; x_wconf 82' lang='lat' dir='ltr'><strong>accusandi</strong></span> <span class='ocrx_word' id='word_1_260' title='bbox 1079 2052 1172 2077; x_wconf 77' lang='lat' dir='ltr'><strong>casu</strong></span> <span class='ocrx_word' id='word_1_261' title='bbox 1202 2049 1378 2088; x_wconf 78' lang='lat' dir='ltr'><strong>accepe-</strong></span> 
     </span>
     <span class='ocr_line' id='line_1_34' title="bbox 33 2095 1376 2147; baseline -0.001 -12"><span class='ocrx_word' id='word_1_262' title='bbox 33 2097 114 2144; x_wconf 80' lang='lat' dir='ltr'><strong>ris,</strong></span> <span class='ocrx_word' id='word_1_263' title='bbox 156 2095 314 2134; x_wconf 71' lang='lat' dir='ltr'><strong>diversa</strong></span> <span class='ocrx_word' id='word_1_264' title='bbox 353 2097 526 2146; x_wconf 78' lang='lat' dir='ltr'><strong>emergit</strong></span> <span class='ocrx_word' id='word_1_265' title='bbox 562 2097 776 2138; x_wconf 81' lang='lat' dir='ltr'><strong>sententia.</strong></span> <span class='ocrx_word' id='word_1_266' title='bbox 834 2096 1075 2137; x_wconf 70' lang='lat' dir='ltr'><strong>Asiirinante</strong></span> <span class='ocrx_word' id='word_1_267' title='bbox 1114 2096 1237 2147; x_wconf 81' lang='lat' dir='ltr'><strong>igitur</strong></span> <span class='ocrx_word' id='word_1_268' title='bbox 1276 2095 1376 2133; x_wconf 73' lang='lat' dir='ltr'><strong>cte-.-</strong></span> 
     </span>
     <span class='ocr_line' id='line_1_35' title="bbox 34 2153 1375 2204; baseline -0.001 -12"><span class='ocrx_word' id='word_1_269' title='bbox 34 2153 149 2203; x_wconf 82' lang='lat' dir='ltr'><strong>sippo</strong></span> <span class='ocrx_word' id='word_1_270' title='bbox 189 2153 295 2204; x_wconf 90' lang='lat' dir='ltr'><strong>quod</strong></span> <span class='ocrx_word' id='word_1_271' title='bbox 333 2157 421 2191; x_wconf 84' lang='lat' dir='ltr'><strong>erat</strong></span> <span class='ocrx_word' id='word_1_272' title='bbox 462 2153 779 2202; x_wconf 60' lang='lat' dir='ltr'><strong>interrogatum,</strong></span> <span class='ocrx_word' id='word_1_273' title='bbox 818 2154 888 2193; x_wconf 73' lang='lat' dir='ltr'><strong>ilie</strong></span> <span class='ocrx_word' id='word_1_274' title='bbox 918 2154 1041 2191; x_wconf 81' lang='lat' dir='ltr'><strong>haec:</strong></span> <span class='ocrx_word' id='word_1_275' title='bbox 1100 2153 1210 2204; x_wconf 79' lang='lat' dir='ltr'><strong>Ergo</strong></span> <span class='ocrx_word' id='word_1_276' title='bbox 1240 2158 1375 2190; x_wconf 74' lang='lat' dir='ltr'><strong>vestes</strong></span> 
     </span>
     <span class='ocr_line' id='line_1_36' title="bbox 34 2204 1377 2262; baseline -0.001 -13"><span class='ocrx_word' id='word_1_277' title='bbox 34 2215 221 2258; x_wconf 76' lang='lat' dir='ltr'><strong>nostrae,</strong></span> <span class='ocrx_word' id='word_1_278' title='bbox 251 2223 348 2262; x_wconf 86' lang='lat' dir='ltr'><strong>quas</strong></span> <span class='ocrx_word' id='word_1_279' title='bbox 379 2216 421 2248; x_wconf 90' lang='lat' dir='ltr'><strong>tu</strong></span> <span class='ocrx_word' id='word_1_280' title='bbox 450 2210 575 2258; x_wconf 72' lang='lat' dir='ltr'><strong>rides,</strong></span> <span class='ocrx_word' id='word_1_281' title='bbox 603 2204 763 2254; x_wconf 76' lang='lat' dir='ltr'><strong>videndi</strong></span> <span class='ocrx_word' id='word_1_282' title='bbox 790 2210 940 2249; x_wconf 85' lang='lat' dir='ltr'><strong>habent</strong></span> <span class='ocrx_word' id='word_1_283' title='bbox 967 2210 1218 2251; x_wconf 78' lang='lat' dir='ltr'><strong>facultatem.</strong></span> <span class='ocrx_word' id='word_1_284' title='bbox 1275 2209 1377 2249; x_wconf 88' lang='lat' dir='ltr'><strong>Ani-</strong></span> 
     </span>
     <span class='ocr_line' id='line_1_37' title="bbox 35 2265 1377 2321; baseline -0.001 -15"><span class='ocrx_word' id='word_1_285' title='bbox 35 2265 252 2306; x_wconf 77' lang='lat' dir='ltr'><strong>madvertit</strong></span> <span class='ocrx_word' id='word_1_286' title='bbox 290 2267 505 2321; x_wconf 80' lang='lat' dir='ltr'><strong>Ctesippns</strong></span> <span class='ocrx_word' id='word_1_287' title='bbox 546 2269 758 2306; x_wconf 54' lang='lat' dir='ltr'><strong>verborum</strong></span> <span class='ocrx_word' id='word_1_288' title='bbox 798 2268 950 2314; x_wconf 82' lang='lat' dir='ltr'><strong>lusum,</strong></span> <span class='ocrx_word' id='word_1_289' title='bbox 1001 2269 1230 2318; x_wconf 87' lang='lat' dir='ltr'><strong>urbaneque</strong></span> <span class='ocrx_word' id='word_1_290' title='bbox 1282 2279 1377 2306; x_wconf 79' lang='lat' dir='ltr'><strong>sese</strong></span> 
     </span>
     <span class='ocr_line' id='line_1_38' title="bbox 38 2323 1378 2377; baseline 0 -15"><span class='ocrx_word' id='word_1_291' title='bbox 38 2324 94 2362; x_wconf 80' lang='lat' dir='ltr'><strong>ait</strong></span> <span class='ocrx_word' id='word_1_292' title='bbox 129 2323 205 2362; x_wconf 87' lang='lat' dir='ltr'><strong>iam</strong></span> <span class='ocrx_word' id='word_1_293' title='bbox 235 2336 284 2363; x_wconf 87' lang='lat' dir='ltr'><strong>eo</strong></span> <span class='ocrx_word' id='word_1_294' title='bbox 314 2337 407 2363; x_wconf 80' lang='lat' dir='ltr'><strong>esse</strong></span> <span class='ocrx_word' id='word_1_295' title='bbox 436 2325 674 2374; x_wconf 82' lang='lat' dir='ltr'><strong>adductum,</strong></span> <span class='ocrx_word' id='word_1_296' title='bbox 711 2329 757 2368; x_wconf 80' lang='lat' dir='ltr'><strong>ut</strong></span> <span class='ocrx_word' id='word_1_297' title='bbox 785 2325 1064 2376; x_wconf 76' lang='lat' dir='ltr'><strong>Euthydemus</strong></span> <span class='ocrx_word' id='word_1_298' title='bbox 1087 2325 1253 2377; x_wconf 67' lang='lat' dir='ltr'><strong>vigilans</strong></span> <span class='ocrx_word' id='word_1_299' title='bbox 1283 2325 1378 2366; x_wconf 84' lang='lat' dir='ltr'><strong>dor-</strong></span> 
     </span>
     <span class='ocr_line' id='line_1_39' title="bbox 23 2381 1378 2434; baseline -0.001 -14"><span class='ocrx_word' id='word_1_300' title='bbox 23 2381 140 2420; x_wconf 83' lang='lat' dir='ltr'><strong>·mire</strong></span> <span class='ocrx_word' id='word_1_301' title='bbox 167 2385 288 2431; x_wconf 80' lang='lat' dir='ltr'><strong>atque</strong></span> <span class='ocrx_word' id='word_1_302' title='bbox 326 2382 449 2420; x_wconf 77' lang='lat' dir='ltr'><strong>silens</strong></span> <span class='ocrx_word' id='word_1_303' title='bbox 491 2382 601 2433; x_wconf 86' lang='lat' dir='ltr'><strong>loqui</strong></span> <span class='ocrx_word' id='word_1_304' title='bbox 637 2395 760 2434; x_wconf 82' lang='lat' dir='ltr'><strong>posse</strong></span> <span class='ocrx_word' id='word_1_305' title='bbox 796 2383 992 2424; x_wconf 68' lang='lat' dir='ltr'><strong>videatur.</strong></span> <span class='ocrx_word' id='word_1_306' title='bbox 1050 2383 1161 2431; x_wconf 67' lang='lat' dir='ltr'><strong>Quae</strong></span> <span class='ocrx_word' id='word_1_307' title='bbox 1192 2384 1278 2433; x_wconf 84' lang='lat' dir='ltr'><strong>ipsa</strong></span> <span class='ocrx_word' id='word_1_308' title='bbox 1306 2394 1378 2421; x_wconf 88' lang='lat' dir='ltr'><strong>re·-</strong></span> 
     </span>
     <span class='ocr_line' id='line_1_40' title="bbox 39 2438 1376 2491; baseline 0.004 -15"><span class='ocrx_word' id='word_1_309' title='bbox 39 2439 201 2488; x_wconf 72' lang='lat' dir='ltr'><strong>sponsio</strong></span> <span class='ocrx_word' id='word_1_310' title='bbox 239 2438 518 2491; x_wconf 80' lang='lat' dir='ltr'><strong>Dionysodoro</strong></span> <span class='ocrx_word' id='word_1_311' title='bbox 556 2439 766 2479; x_wconf 88' lang='lat' dir='ltr'><strong>admodum</strong></span> <span class='ocrx_word' id='word_1_312' title='bbox 806 2444 918 2491; x_wconf 75' lang='lat' dir='ltr'><strong>grata</strong></span> <span class='ocrx_word' id='word_1_313' title='bbox 959 2444 1000 2478; x_wconf 88' lang='lat' dir='ltr'><strong>et</strong></span> <span class='ocrx_word' id='word_1_314' title='bbox 1030 2444 1195 2491; x_wconf 74' lang='lat' dir='ltr'><strong>accepta</strong></span> <span class='ocrx_word' id='word_1_315' title='bbox 1226 2446 1311 2478; x_wconf 84' lang='lat' dir='ltr'><strong>est:</strong></span> <span class='ocrx_word' id='word_1_316' title='bbox 1341 2439 1376 2481; x_wconf 76' lang='lat' dir='ltr'><strong>is</strong></span> 
     </span>
     <span class='ocr_line' id='line_1_41' title="bbox 10 2494 1378 2548; baseline 0.001 -15"><span class='ocrx_word' id='word_1_317' title='bbox 10 2494 144 2534; x_wconf 82' lang='lat' dir='ltr'><strong>&#39;enim</strong></span> <span class='ocrx_word' id='word_1_318' title='bbox 180 2508 319 2534; x_wconf 74' lang='lat' dir='ltr'><strong>revera</strong></span> <span class='ocrx_word' id='word_1_319' title='bbox 356 2496 596 2547; x_wconf 75' lang='lat' dir='ltr'><strong>disputando</strong></span> <span class='ocrx_word' id='word_1_320' title='bbox 639 2497 810 2536; x_wconf 78' lang='lat' dir='ltr'><strong>efficere</strong></span> <span class='ocrx_word' id='word_1_321' title='bbox 850 2497 1010 2544; x_wconf 81' lang='lat' dir='ltr'><strong>studet,</strong></span> <span class='ocrx_word' id='word_1_322' title='bbox 1050 2502 1095 2536; x_wconf 91' lang='lat' dir='ltr'><strong>ut</strong></span> <span class='ocrx_word' id='word_1_323' title='bbox 1134 2498 1222 2548; x_wconf 80' lang='lat' dir='ltr'><strong>quis</strong></span> <span class='ocrx_word' id='word_1_324' title='bbox 1253 2497 1378 2535; x_wconf 83' lang='lat' dir='ltr'><strong>silens</strong></span> 
     </span>
     <span class='ocr_line' id='line_1_42' title="bbox 41 2551 1379 2605; baseline 0 -15"><span class='ocrx_word' id='word_1_325' title='bbox 41 2551 151 2602; x_wconf 88' lang='lat' dir='ltr'><strong>loqui</strong></span> <span class='ocrx_word' id='word_1_326' title='bbox 179 2554 318 2602; x_wconf 75' lang='lat' dir='ltr'><strong>possit,</strong></span> <span class='ocrx_word' id='word_1_327' title='bbox 377 2555 454 2605; x_wconf 70' lang='lat' dir='ltr'><strong>Qui</strong></span> <span class='ocrx_word' id='word_1_328' title='bbox 483 2553 660 2601; x_wconf 81' lang='lat' dir='ltr'><strong>ferrum,</strong></span> <span class='ocrx_word' id='word_1_329' title='bbox 690 2555 838 2605; x_wconf 82' lang='lat' dir='ltr'><strong>inquit,</strong></span> <span class='ocrx_word' id='word_1_330' title='bbox 869 2562 936 2594; x_wconf 81' lang='lat' dir='ltr'><strong>aut</strong></span> <span class='ocrx_word' id='word_1_331' title='bbox 966 2555 1114 2605; x_wconf 68' lang='lat' dir='ltr'><strong>liguum</strong></span> <span class='ocrx_word' id='word_1_332' title='bbox 1146 2561 1212 2593; x_wconf 86' lang='lat' dir='ltr'><strong>aut</strong></span> <span class='ocrx_word' id='word_1_333' title='bbox 1242 2566 1379 2594; x_wconf 81' lang='lat' dir='ltr'><strong>saxum</strong></span> 
     </span>
     <span class='ocr_line' id='line_1_43' title="bbox 41 2607 1380 2662; baseline 0 -15"><span class='ocrx_word' id='word_1_334' title='bbox 41 2607 164 2655; x_wconf 81' lang='lat' dir='ltr'><strong>dicit,</strong></span> <span class='ocrx_word' id='word_1_335' title='bbox 202 2610 236 2648; x_wconf 85' lang='lat' dir='ltr'><strong>is</strong></span> <span class='ocrx_word' id='word_1_336' title='bbox 275 2614 386 2649; x_wconf 75' lang='lat' dir='ltr'><strong>certe,</strong></span> <span class='ocrx_word' id='word_1_337' title='bbox 431 2611 555 2649; x_wconf 78' lang='lat' dir='ltr'><strong>silens</strong></span> <span class='ocrx_word' id='word_1_338' title='bbox 595 2612 741 2662; x_wconf 84' lang='lat' dir='ltr'><strong>aliquid</strong></span> <span class='ocrx_word' id='word_1_339' title='bbox 782 2613 890 2651; x_wconf 81' lang='lat' dir='ltr'><strong>dicit.</strong></span> <span class='ocrx_word' id='word_1_340' title='bbox 938 2613 1142 2650; x_wconf 47' lang='lat' dir='ltr'><strong>ftae‘imimm</strong></span> <span class='ocrx_word' id='word_1_341' title='bbox 1184 2613 1235 2650; x_wconf 86' lang='lat' dir='ltr'><strong>ita</strong></span> <span class='ocrx_word' id='word_1_342' title='bbox 1278 2623 1380 2649; x_wconf 68' lang='lat' dir='ltr'><strong>novo</strong></span> 
     </span>
     <span class='ocr_line' id='line_1_44' title="bbox 24 2665 1381 2718; baseline -0.001 -12"><span class='ocrx_word' id='word_1_343' title='bbox 24 2665 213 2706; x_wconf 30' lang='lat' dir='ltr'><strong>‘artifieio</strong></span> <span class='ocrx_word' id='word_1_344' title='bbox 250 2669 504 2718; x_wconf 82' lang='lat' dir='ltr'><strong>grammatico</strong></span> <span class='ocrx_word' id='word_1_345' title='bbox 546 2669 707 2713; x_wconf 76' lang='lat' dir='ltr'><strong>silens</strong></span> <span class='ocrx_word' id='word_1_346' title='bbox 737 2669 785 2706; x_wconf 83' lang='lat' dir='ltr'><strong>ad</strong></span> <span class='ocrx_word' id='word_1_347' title='bbox 823 2682 931 2716; x_wconf 83' lang='lat' dir='ltr'><strong>rem,</strong></span> <span class='ocrx_word' id='word_1_348' title='bbox 973 2682 1050 2707; x_wconf 79' lang='lat' dir='ltr'><strong>uon</strong></span> <span class='ocrx_word' id='word_1_349' title='bbox 1091 2669 1137 2708; x_wconf 87' lang='lat' dir='ltr'><strong>ad</strong></span> <span class='ocrx_word' id='word_1_350' title='bbox 1178 2669 1381 2707; x_wconf 77' lang='lat' dir='ltr'><strong>dicentem</strong></span> 
     </span>
     <span class='ocr_line' id='line_1_45' title="bbox 44 2721 1385 2778; baseline 0.001 -16"><span class='ocrx_word' id='word_1_351' title='bbox 44 2721 237 2765; x_wconf 78' lang='lat' dir='ltr'><strong>refertur.</strong></span> <span class='ocrx_word' id='word_1_352' title='bbox 294 2724 446 2764; x_wconf 82' lang='lat' dir='ltr'><strong>Facete</strong></span> <span class='ocrx_word' id='word_1_353' title='bbox 482 2731 616 2764; x_wconf 84' lang='lat' dir='ltr'><strong>autem</strong></span> <span class='ocrx_word' id='word_1_354' title='bbox 652 2726 807 2766; x_wconf 83' lang='lat' dir='ltr'><strong>adhoc</strong></span> <span class='ocrx_word' id='word_1_355' title='bbox 838 2727 1077 2778; x_wconf 78' lang='lat' dir='ltr'><strong>Ctesippus:</strong></span> <span class='ocrx_word' id='word_1_356' title='bbox 1147 2727 1267 2778; x_wconf 82' lang='lat' dir='ltr'><strong>Atqui</strong></span> <span class='ocrx_word' id='word_1_357' title='bbox 1299 2725 1385 2764; x_wconf 78' lang='lat' dir='ltr'><strong>fer-</strong></span> 
     </span>
    </p>
   </div>
   <div class='ocr_carea' id='block_1_3' title="bbox 0 0 28 822">
    <p class='ocr_par' dir='ltr' id='par_1_3' title="bbox 0 0 28 822">
     <span class='ocr_line' id='line_1_46' title="bbox 0 0 28 822; baseline 0 0"><span class='ocrx_word' id='word_1_358' title='bbox 0 0 28 822; x_wconf 95' lang='lat' dir='ltr'><strong> </strong></span> 
     </span>
    </p>
   </div>
  </div>
 </body>
</html>
