1624 2904
312 163 369 203 3⁰
771 160 1167 201 DISPUTATIO

423 274 497 313 His
533 273 589 311 ita
624 273 826 324 explicatis
865 272 1050 310 Socrates
1080 286 1256 324 magnam
1287 274 1442 313 simulat
1471 275 1623 313 cous-ilii

311 331 495 381 inopiamg
519 329 688 378 ideoque
716 329 895 379 hospites
923 328 1180 367 vehementer
1208 336 1333 380 rogat,
1363 338 1407 368 ut
1434 343 1542 368 suam
1572 331 1622 369 de

270 393 272 395 '
310 387 385 426 hac
413 398 460 424 re
487 387 720 424 sententiam
750 384 911 423 candide
942 397 1163 434 proponere
1191 399 1242 423 ne
1273 386 1452 424 dubitent
1465 385 1518 438 *).

419 462 574 501 Docere
612 463 798 501 Socrates
838 467 954 512 atque
993 463 1192 501 al'lirmare
1222 464 1396 511 solebat,
1435 468 1479 501 ut
1508 466 1622 502 antea

308 519 496 567 vidimus,
526 520 727 558 scientiam
756 519 885 565 illam,
921 531 994 567 qna
1022 520 1204 557 virtutem
1236 531 1388 557 omnem
1429 519 1622 557 contineri

308 576 487 621 volebat,
531 576 698 625 positam
737 588 828 613 esse
858 574 1081 619 inhonesti
1110 577 1333 625 cognitione
1362 580 1480 623 atque
1510 580 1620 613 certa

306 633 562 681 persuasione
602 631 738 671 oflicii.
802 630 951 670 Verum
991 643 1036 668 ea
1075 632 1147 668 viri
1185 631 1382 669 sententia
1414 631 1619 678 quominus

307 693 418 726 recte
447 688 492 725 ab
523 688 700 725 omnibus
729 687 1027 735 perciperetur,
1058 688 1271 725 communis
1302 687 1520 735 aequalium
1551 699 1619 724 er-

306 755 375 781 ror
403 743 562 792 lateque
591 748 829 793 propagatus
858 742 1107 790 impediebat.
1164 743 1239 791 Qui
1277 756 1392 792 quum
1432 744 1619 781 virtutem

305 798 509 837 referrent
547 798 594 836 ad
633 797 837 836 commoda
884 803 925 834 et
965 798 1185 845 utilitates,
1232 810 1282 836 ne
1324 798 1619 848 suspicabantur

305 854 484 904 quidem,
515 855 639 904 qualis
667 854 825 892 tandem
857 858 967 890 esset
995 854 1063 891 illa
1096 854 1281 899 scientia,
1322 866 1435 903 quam
1474 853 1617 892 Socra-

304 915 370 949 tes
396 910 445 948 ad
472 911 659 948 virtutem
687 911 922 959 requireret.
980 908 1021 946 ld
1053 909 1155 958 quod
1184 910 1246 947 vel
1265 909 1518 960 Xenophonti
1547 922 1618 948 ac-

304 966 450 1005 cidisse
487 967 686 1012 novimus,
718 966 827 1003 cuius
865 965 1059 1014 ingenium
1101 977 1220 1014 quum
1257 966 1379 1016 magis
1418 966 1464 1003 ad
1493 967 1615 1016 ipsam

301 1023 495 1061 actionem
525 1034 639 1072 quam
667 1021 715 1058 ad
740 1021 984 1071 intelligendi
1014 1021 1273 1060 subtilitatem
1291 1025 1402 1060 esset
1429 1034 1451 1059 a
1479 1026 1617 1060 natura

302 1083 582 1129 comparatum,
612 1077 760 1115 sactum
792 1082 867 1122 est,
896 1082 940 1113 ut
969 1089 1081 1126 quam
1104 1076 1289 1116 Socrates
1314 1077 1466 1115 diceret
1487 1079 1614 1117 scien-

300 1135 416 1183 tiam,
445 1147 529 1172 eam
560 1146 804 1171 communem
831 1132 1030 1170 hominum
1061 1133 1279 1182 opinionem
1310 1137 1498 1182 sequutus
1522 1146 1616 1184 pru-

299 1191 458 1229 dentem
491 1202 624 1228 rernm
654 1189 805 1226 utilium
837 1192 878 1225 et
915 1189 1107 1226 inutilium
1135 1189 1459 1228 deliberationem
1488 1190 1616 1228 inter-

298 1243 611 1298 pretaretur**).
669 1244 805 1294 ltaque
834 1244 1048 1282 mirandum
1078 1257 1154 1283 non
1185 1251 1261 1292 est,
1290 1245 1394 1294 qnod
1424 1245 1612 1285 Socrates

297 1302 401 1354 apud
446 1301 653 1340 Platonem
702 1313 986 1351 saepenumero
1031 1301 1088 1338 ita
1143 1300 1343 1340 disserens
1398 1302 1614 1355 introduci-

299 1363 384 1407 tur,
420 1362 466 1396 ut
510 1358 588 1396 hoc
625 1357 788 1395 decreto
838 1369 910 1395 suo
955 1356 1102 1395 callide
1140 1357 1270 1395 celato
1322 1357 1371 1396 ad
1411 1355 1612 1408 'sophistas

297 1415 477 1463 aliosque
534 1412 575 1451 id
627 1426 750 1463 genus
804 1413 983 1452 homiues
1038 1412 1294 1453 ludificandos
1355 1417 1509 1460 utatur,
1571 1414 1613 1453 id

299 1470 405 1522 quod
449 1470 489 1508 in
534 1469 832 1519 Prolegomenis
891 1468 940 1505 ad
990 1467 1204 1506 Lachetem
1266 1473 1308 1506 et
1359 1469 1611 1511 Charmidem

297 1525 511 1578 perspicue
549 1524 732 1563 docuisse
781 1524 968 1563 videmur.
1034 1524 1165 1574 Atque
1209 1523 1323 1564 huius
1370 1527 1430 1563 rei
1468 1527 1612 1566 obser-

296 1583 401 1620 vatio
449 1581 527 1619 dici
571 1592 648 1618 non
686 1584 824 1631 potest
860 1583 1044 1630 quantum
1081 1580 1210 1618 valeat
1248 1581 1295 1618 ad
1335 1586 1486 1620 rectam
1534 1584 1609 1622 hu-

296 1639 359 1677 ius
387 1637 467 1676 loci
494 1637 879 1687 interpretationem,
917 1648 1032 1685 quem
1063 1636 1128 1686 qni
1156 1636 1233 1673 rite
1263 1638 1511 1688 explanaret,
1538 1652 1611 1678 ne-

298 1707 363 1734 mo
389 1694 481 1732 dum
507 1697 693 1743 repertus
723 1696 798 1730 est.
859 1690 1080 1729 cavendum
1118 1693 1219 1730 enim
1259 1698 1322 1731 est
1354 1707 1608 1745 magnopere,

296 1762 349 1790 ne
387 1761 487 1801 quae
521 1749 587 1786 hic
617 1762 638 1786 a
673 1748 838 1786 Socrate
867 1747 1139 1798 disputantur,
1178 1760 1250 1798 pro
1279 1750 1403 1799 ipsius
1433 1750 1609 1793 decretis

294 1807 509 1846 habeamus
527 1801 638 1857 ***)2
668 1808 760 1842 sunt
778 1804 878 1842 enim
910 1804 1037 1841 omnia
1064 1803 1113 1840 ad
1143 1807 1318 1842 mentem·
1343 1806 1609 1856 sophistarum

294 1863 508 1914 disputata,
536 1872 634 1911 quos
661 1860 731 1898 ille
757 1859 1012 1910 reprehensis
1043 1871 1179 1898 eorum
1200 1862 1444 1910 opinionibus
1473 1868 1610 1913 sperat

299 1930 348 1959 eo
374 1918 583 1963 adductum
611 1916 672 1964 iri,
700 1919 746 1954 ut
772 1927 929 1966 gravem
958 1915 1272 1966 prudentemque
1301 1929 1434 1957 earnm
1464 1918 1607 1959 defen-

294 1976 448 2015 sionem
484 1973 712 2023 suscipiant.
769 1972 907 2022 Itaque
943 1972 1111 2022 primum
1145 1973 1300 2023 quidem
1329 1985 1440 2013 more
1466 1976 1607 2026 sophi-

293 2035 444 2072 starum
481 2029 639 2069 virtutis
676 2027 839 2070 scicntia
875 2027 1055 2069 refertur
1092 2028 1140 2069 ad
1175 2030 1399 2072 utilitatem.
1453 2030 1608 2073 Deinde

357 2228 395 2269 ‘J
418 2230 454 2264 P,
478 2230 556 2261 288.
581 2229 622 2261 n.
644 2244 688 2252 -
714 2229 791 2259 293.
816 2228 854 2259 A.

337 2295 395 2339 m)
418 2297 595 2328 Praeclare
617 2295 682 2326 hoc
703 2294 817 2326 docuit
841 2293 1077 2326 Diu-entus
1105 2295 1200 2334 Disp.
1225 2297 1284 2327 De
1307 2297 1601 2338 philosophia

424 2341 578 2373 morali
613 2340 653 2371 in
687 2339 1000 2378 Xenophontis
1031 2340 1082 2369 de
1110 2343 1297 2372 Socrate
1337 2347 1600 2377 commenta-

424 2386 724 2418 riistradita.
771 2385 924 2424 Giitting.
958 2386 1054 2414 1812.
1086 2387 1118 2416 4.
1164 2387 1340 2421 Quomodo
1374 2397 1457 2426 quae
1485 2399 1506 2420 a
1527 2391 1600 2422 Xe-

423 2431 600 2470 nophonte
629 2431 810 2461 tiaduntur
833 2430 872 2460 ad
899 2438 1045 2460 normam
1071 2439 1206 2469 eorum,
1235 2440 1318 2468 quae
1340 2433 1438 2463 Plato
1462 2436 1495 2465 et
1518 2436 1601 2467 Ari-

423 2477 566 2508 stoteles
591 2478 752 2515 narrant,
771 2475 939 2513 exigenda
963 2479 998 2504 et
1020 2475 1200 2506 iudicanda
1222 2476 1309 2518 sint,
1336 2487 1474 2517 prorsus
1499 2489 1600 2520 egre-
1619 2496 1621 2501 v

423 2521 479 2562 gie
511 2520 670 2559 exposuit
692 2520 877 2553 Brandin
909 2522 996 2551 alus.
1020 2520 1172 2552 Rhenan.
1188 2522 1237 2554 '‘V-
1262 2523 1292 2555 Ι.
1316 2532 1353 2563 p.¹
1378 2524 1440 2555 123
1465 2534 1538 2564 sqq,
1562 2536 1598 2568 p,

423 2568 489 2598 134
513 2576 585 2605 sqq.

312 2632 398 2677 **²‘)
422 2635 496 2665 Hoc
520 2631 644 2663 accidit
667 2632 728 2663 Fr.
753 2631 880 2670 Antio
906 2632 954 2661 De
976 2631 1057 2662 Vita
1079 2634 1112 2664 et
1136 2631 1279 2674 Scriptis
1301 2634 1386 2669 Plat.
1410 2645 1444 2677 p„
1468 2638 1546 2672 416.
1563 2641 1597 2672 et

424 2677 837 2712 suncini-machere
859 2676 972 2710 Praei.
996 2677 1037 2710 ud
1060 2677 1093 2713 h.
1117 2677 1143 2713 1,
