1624 2904
291 151 348 192 18
745 149 1139 194 DISPUTATIO

291 263 439 330 sophus
466 262 564 302 illud
593 261 796 302 decretum
825 274 957 312 suum,
988 264 1037 302 de
1066 277 1141 314 quo
1170 265 1293 333 Legg.
1323 266 1410 309 VII.
1437 280 1476 319 p.
1499 268 1594 306 816.

289 318 338 359 Ι).
373 315 445 360 ἄνε
437 332 473 358 υ
511 313 593 384 γὰρ
630 319 808 371 γελοίων
841 334 896 359 τα
934 320 1150 360 σπουὸαῖα
1192 323 1266 362 καὶ
1301 319 1475 363 πάντων
1508 322 1596 363 τῶν

290 375 496 415 ἐναντίων
530 371 584 414 τὰ
619 375 791 415 ἐναντία
827 375 996 427 μαθεῖν
1026 373 1076 416 οὐ
1106 375 1313 426 δυνατόν,
1342 378 1380 418 εἴ
1405 393 1471 426 τις
1498 378 1594 430 μέλ

289 430 351 470 λει
391 425 608 485 φοόνιμος
643 430 834 472 ἔσεσθαι
899 431 989 469 Huc
1027 432 1201 481 accedit,
1231 435 1334 483 quod
1362 435 1440 473 ista
1469 435 1596 473 disse-

290 486 403 525 rendi
438 486 562 535 ratio,
599 488 770 535 quamvis
806 487 931 525 inanis
947 486 1086 537 atque
1113 493 1295 538 ventosa,
1336 493 1469 529 tamen
1496 490 1597 540 apud

288 542 435 582 multos
469 555 647 593 magnam
685 546 800 580 nacta
843 547 930 580 erat
979 545 1278 591 auctoritatem,
1323 549 1367 584 ut
1409 546 1595 596 profecto

288 610 434 649 operae
463 599 631 648 pretium
664 610 754 636 esse
782 598 904 647 videri
930 603 1070 648 posset
1098 612 1182 638 eam
1224 601 1384 650 copiosa
1418 602 1597 639 oratione

288 666 506 704 coarguere
541 658 584 692 et
617 659 812 703 tanquam.
838 655 1066 704 spectaculo
1103 655 1232 706 aliquo
1281 656 1499 694 illustriore
1544 657 1596 695 ob

288 709 425 748 oculos
465 711 599 760 posito
637 709 930 756 demonstrare,
970 711 1093 760 qualis
1131 716 1174 749 et
1202 716 1344 761 quanta
1371 717 1483 750 esset
1511 713 1597 751 eius

286 766 540 816 perversitas.
596 766 729 815 Atque
757 776 835 804 non
864 765 1085 804 dubitamus
1113 766 1313 804 affirmare
1330 767 1370 804 id
1389 767 1596 806 Platonem

287 823 505 873 praecipuo
546 822 678 859 studio
715 822 754 859 in
792 821 870 859 hoc
906 822 997 860 loco
1025 823 1176 873 egisse:
1206 834 1294 860 nam
1324 823 1494 872 alioquin
1520 835 1599 874 non

289 881 400 916 tanta
422 877 537 927 copia
570 881 612 915 et
641 877 824 915 ubertate
850 878 890 915 in
918 877 996 916 hoc
1024 882 1255 928 argumento
1274 878 1476 916 tractando
1505 891 1599 917 usu-

287 946 357 972 rus
385 933 541 971 fuisset.
606 932 687 970 Sed
725 933 905 972 nimirum
943 933 1208 972 demonstrata
1256 934 1500 984 sophisticae
1533 947 1598 972 ra-

287 990 408 1028 tionis
452 989 623 1027 vanitate
669 988 824 1027 facilius
870 1001 964 1028 sane
1011 994 1131 1040 atque
1178 989 1397 1028 evidentius
1441 989 1598 1029 videbat

288 1057 497 1096 emergere
542 1044 768 1082 Socraticae
813 1044 1015 1083 doctrinae
1051 1050 1094 1084 et
1135 1046 1296 1084 rationis
1332 1046 1519 1084 virtutem
1555 1050 1598 1085 et

289 1101 581 1151 praestantiam.
637 1099 838 1151 Denique,
870 1101 974 1151 quod
1011 1101 1075 1139 vel
1109 1102 1275 1140 maxime
1310 1101 1359 1139 ad
1395 1102 1600 1141 materiam

289 1161 541 1208 praesentem
571 1157 770 1206 pertinet,
799 1156 1064 1207 philosophus
1092 1157 1241 1195 addidit
1270 1158 1388 1195 etiam
1416 1158 1600 1196 acerbam

289 1224 494 1251 censuram
532 1224 691 1260 eorum,
732 1213 798 1263 qui
833 1212 903 1264 vel¹
929 1213 1123 1263 opinionis
1162 1224 1301 1251 errore
1335 1213 1398 1250 vel
1435 1212 1600 1263 quadam

287 1269 421 1307 iudicii
467 1269 709 1318 malignitate
747 1268 855 1307 ducti
899 1268 987 1306 illas
1025 1268 1293 1319 sophistarum
1335 1269 1507 1319 argutias
1557 1272 1600 1306 et

289 1325 528 1376 praestigias
560 1325 716 1362 Socrati
747 1336 902 1375 quoque
930 1324 1164 1363 tribuissent
1194 1336 1321 1374 eoque
1342 1325 1415 1362 viri
1445 1325 1599 1374 sapien-

288 1381 431 1419 tissimi
468 1380 685 1419 doctrinam
724 1386 765 1418 et
796 1374 1083 1419 institutionem
1111 1381 1151 1419 in
1178 1380 1391 1418 multorum
1419 1379 1600 1420 invidiam

289 1440 332 1474 et
361 1440 601 1474 contemtum
624 1435 828 1474 adducere
860 1436 1122 1482 studuissent3
1153 1448 1251 1485 quos
1283 1435 1440 1485 quidem
1468 1435 1600 1474 homi-

287 1491 412 1530 mines
451 1493 624 1542 graviter
660 1491 878 1538 admonuit,
915 1502 1032 1528 verae
1059 1495 1179 1540 atque
1207 1502 1415 1542 germanae
1446 1492 1601 1540 sapIen-

288 1548 369 1586 tiae
412 1546 641 1596 disciplinae
688 1546 877 1584 honorem
927 1558 1038 1584 suum
1089 1552 1209 1596 atque
1246 1546 1400 1584 laudem
1439 1558 1601 1597 semper

289 1615 381 1641 esse
408 1614 653 1649 mansurum,
682 1602 754 1640 viri
782 1601 988 1652 prudentis
1016 1605 1148 1640 autem
1178 1615 1283 1650 esse,
1315 1601 1407 1652 quid
1435 1602 1475 1641 in
1504 1614 1599 1652 qua-

290 1672 368 1709 que
395 1672 440 1698 re
466 1671 602 1696 verum
631 1658 684 1696 sit
713 1662 833 1708 atque
860 1657 1078 1706 laudabile,
1118 1659 1344 1708 priusquam
1381 1657 1431 1695 de
1461 1669 1510 1697 ea
1537 1658 1598 1697 iu-

288 1715 422 1754 dicare
450 1715 620 1762 audeas,
649 1714 862 1765 diligenter
889 1714 1096 1765 explorare
1125 1717 1167 1752 et
1195 1712 1459 1765 perpendere.

397 1826 457 1865 Ita
505 1827 626 1877 igitur
681 1829 849 1877 apparet
892 1826 1111 1864 universam
1168 1826 1425 1876 scriptionem
1471 1825 1599 1864 tribus

289 1888 474 1922 const-are
511 1883 690 1933 partibus
729 1883 1028 1932 principalibus,
1063 1882 1378 1931 reprehensione
1405 1884 1448 1919 et
1480 1881 1600 1919 casti-

287 1940 448 1990 gatione
465 1939 711 1977 eristicarum
729 1939 966 1988 argutiarum
996 1950 1170 1987 quarum,
1200 1942 1382 1975 auctores
1411 1949 1502 1975 sese
1530 1941 1600 1975 te-

288 2007 399 2034 mere
426 1995 582 2037 virtutis
616 1994 827 2044 magistros
865 1994 1173 2044 profitebantur3
1209 1993 1504 2031 adumbratione
1531 2004 1599 2030 ra-

288 2051 411 2089 tionis
448 2051 673 2088 Socraticae
713 2051 919 2087 coniuncta
954 2049 1020 2087 illa
1056 2062 1143 2087 cum
1172 2048 1280 2087 brevi
1310 2048 1599 2099 significatione

290 2119 424 2144 earum
452 2119 610 2152 rerum,
628 2116 740 2155 'quae
769 2118 817 2143 ex
847 2105 1023 2143 Socratis
1052 2106 1249 2143 sententia
1278 2105 1326 2142 ad
1354 2103 1598 2153 disciplinam

271 2162 445 2200 ‘virtutis
473 2162 794 2212 requirebantur3
824 2162 991 2211 denique
1018 2173 1183 2199 censura
1200 2172 1405 2210 pravorum
1427 2159 1599 2197 iudicio·-

288 2230 376 2256 rum
405 2217 455 2256 de
484 2218 662 2255 Socratis
689 2217 936 2255 institutione
965 2220 1006 2255 et
1035 2217 1249 2266 disciplina.
1307 2216 1415 2265 Quae
1443 2214 1599 2265 quidem

290 2277 428 2324 partes
459 2275 492 2312 si
522 2286 568 2312 ex
595 2285 660 2311 me
689 2274 857 2322 quaeris,
888 2284 964 2322 quo
993 2273 1109 2310 modo
1141 2273 1247 2310 inter
1273 2283 1318 2309 se
1346 2271 1598 2318 cohaereant,

289 2332 335 2367 ut
372 2331 505 2380 operis
543 2330 672 2367 unitas
714 2333 755 2366 et
793 2328 1022 2378 simplicitas
1062 2328 1280 2373 efficiatur,
1325 2326 1424 2364 nihil
1469 2326 1598 2364 haheo

291 2385 409 2437 quod.
433 2385 693 2436 respondeam
732 2388 894 2434 praeter
930 2396 997 2431 ea,
1038 2395 1137 2434 quae
1171 2382 1301 2434 paullo
1339 2385 1430 2420 ante
1468 2382 1598 2432 posui.

288 2441 414 2480 Redit
442 2443 543 2479 enim
571 2442 774 2478 universae
802 2440 1079 2490 disputationis
1109 2451 1257 2478 summa
1292 2449 1355 2486 eo,
1385 2441 1428 2475 ut
1455 2437 1600 2476 docea-

291 2502 380 2544 tur,
423 2497 688 2548 sophistarum
731 2495 952 2543 eristicam,
991 2496 1232 2546 quantumvis
1261 2506 1305 2532 se
1333 2493 1487 2532 virtutis
1515 2505 1599 2532 ma-

291 2554 457 2604 gistram
494 2554 638 2599 iactet,
676 2552 888 2590 temerario
921 2551 1089 2602 quodam
1124 2549 1326 2601 argutandi
1353 2549 1443 2588 lusu
1471 2549 1599 2587 conti-

293 2610 403 2657 neri,
446 2613 673 2658 rectamque
713 2608 811 2646 tiam
857 2607 905 2645 ad
950 2608 1136 2646 virtutem
1178 2609 1219 2646 et
1258 2606 1488 2656 sapientiam
1523 2616 1601 2662 per

295 2678 408 2707 unam
437 2665 678 2705 Socraticam
702 2663 916 2706 monstrari
944 2663 1161 2713 rationem3
1187 2661 1438 2703 nihilominus
1465 2664 1599 2701 autem
