<?xml version="1.0" encoding="UTF-8"?>
<!DOCTYPE html PUBLIC "-//W3C//DTD XHTML 1.0 Transitional//EN"
    "http://www.w3.org/TR/xhtml1/DTD/xhtml1-transitional.dtd">
<html xmlns="http://www.w3.org/1999/xhtml" xml:lang="en" lang="en">
 <head>
  <title>
</title>
<meta http-equiv="Content-Type" content="text/html;charset=utf-8" />
  <meta name='ocr-system' content='tesseract 3.04.00' />
  <meta name='ocr-capabilities' content='ocr_page ocr_carea ocr_par ocr_line ocrx_word'/>
</head>
<body>
  <div class='ocr_page' id='page_1' title='image "./operaomniarecens06platuoft/operaomniarecens06platuoft_0370.png"; bbox 0 0 1624 2904; ppageno 0'>
   <div class='ocr_carea' id='block_1_1' title="bbox 282 140 1083 196">
    <p class='ocr_par' dir='ltr' id='par_1_1' title="bbox 282 140 1083 196">
     <span class='ocr_line' id='line_1_1' title="bbox 282 140 1083 196; baseline -0.002 -2"><span class='ocrx_word' id='word_1_1' title='bbox 282 155 367 194; x_wconf 68' lang='lat'>154</span> <span class='ocrx_word' id='word_1_2' title='bbox 756 140 1083 196; x_wconf 76' lang='lat' dir='ltr'>PLAT&#39;oNis</span> 
     </span>
    </p>
   </div>
   <div class='ocr_carea' id='block_1_2' title="bbox 284 260 1605 980">
    <p class='ocr_par' dir='ltr' id='par_1_2' title="bbox 284 260 1603 388">
     <span class='ocr_line' id='line_1_2' title="bbox 284 260 1603 323; baseline 0.002 -13"><span class='ocrx_word' id='word_1_3' title='bbox 284 268 464 311; x_wconf 72' lang='grc' dir='ltr'>Πιτθέα</span> <span class='ocrx_word' id='word_1_4' title='bbox 494 265 713 321; x_wconf 54' lang='grc' dir='ltr'>ιῙνΙέλητον,</span> <span class='ocrx_word' id='word_1_5' title='bbox 749 263 845 307; x_wconf 80' lang='grc' dir='ltr'>οἷον</span> <span class='ocrx_word' id='word_1_6' title='bbox 880 263 1160 323; x_wconf 81' lang='grc' dir='ltr'><em>τετανότριχα</em></span> <span class='ocrx_word' id='word_1_7' title='bbox 1194 260 1266 309; x_wconf 65' lang='grc' dir='ltr'>καὶ</span> <span class='ocrx_word' id='word_1_8' title='bbox 1299 265 1351 310; x_wconf 85' lang='grc' dir='ltr'>οὐ</span> <span class='ocrx_word' id='word_1_9' title='bbox 1382 265 1499 312; x_wconf 76' lang='grc' dir='ltr'>πάνυ</span> <span class='ocrx_word' id='word_1_10' title='bbox 1533 267 1603 312; x_wconf 83' lang='grc' dir='ltr'>εὑ-</span> 
     </span>
     <span class='ocr_line' id='line_1_3' title="bbox 284 332 825 388; baseline -0.006 -12"><span class='ocrx_word' id='word_1_11' title='bbox 284 339 466 388; x_wconf 71' lang='grc' dir='ltr'>γὲνειον,</span> <span class='ocrx_word' id='word_1_12' title='bbox 501 334 733 384; x_wconf 71' lang='grc' dir='ltr'><strong><em>ἐπίγρυπον</em></strong></span> <span class='ocrx_word' id='word_1_13' title='bbox 768 332 825 374; x_wconf 76' lang='grc' dir='ltr'>δέ.</span> 
     </span>
    </p>

    <p class='ocr_par' dir='ltr' id='par_1_3' title="bbox 287 388 1605 523">
     <span class='ocr_line' id='line_1_4' title="bbox 389 388 1605 454; baseline 0.002 -14"><span class='ocrx_word' id='word_1_14' title='bbox 389 400 430 440; x_wconf 87' lang='grc' dir='ltr'><em>Ε</em></span> <span class='ocrx_word' id='word_1_15' title='bbox 440 397 524 440; x_wconf 81' lang='grc' dir='ltr'>ΥΘ.</span> <span class='ocrx_word' id='word_1_16' title='bbox 596 395 683 438; x_wconf 77' lang='grc' dir='ltr'>Οὐκ</span> <span class='ocrx_word' id='word_1_17' title='bbox 715 397 869 447; x_wconf 78' lang='grc' dir='ltr'>ἐννοῶ,</span> <span class='ocrx_word' id='word_1_18' title='bbox 903 388 934 437; x_wconf 81' lang='grc' dir='ltr'><em>ὦ</em></span> <span class='ocrx_word' id='word_1_19' title='bbox 968 394 1224 454; x_wconf 79' lang='grc' dir='ltr'>Σώκρατες,</span> <span class='ocrx_word' id='word_1_20' title='bbox 1265 394 1378 441; x_wconf 73' lang='grc' dir='ltr'><em>ἀλλὰ</em></span> <span class='ocrx_word' id='word_1_21' title='bbox 1415 397 1467 452; x_wconf 83' lang='grc' dir='ltr'>δὴ</span> <span class='ocrx_word' id='word_1_22' title='bbox 1504 403 1605 443; x_wconf 83' lang='grc' dir='ltr'>τίνα</span> 
     </span>
     <span class='ocr_line' id='line_1_5' title="bbox 287 462 833 523; baseline -0.007 -17"><span class='ocrx_word' id='word_1_23' title='bbox 287 462 464 523; x_wconf 67' lang='grc' dir='ltr'>γραφήν</span> <span class='ocrx_word' id='word_1_24' title='bbox 497 475 541 505; x_wconf 82' lang='grc' dir='ltr'>σε</span> <span class='ocrx_word' id='word_1_25' title='bbox 574 465 833 516; x_wconf 61' lang='grc' dir='ltr'>γέγραπταις</span> 
     </span>
    </p>

    <p class='ocr_par' dir='ltr' id='par_1_4' title="bbox 286 523 1605 980">
     <span class='ocr_line' id='line_1_6' title="bbox 382 523 1601 582; baseline 0.001 -10"><span class='ocrx_word' id='word_1_26' title='bbox 382 528 488 572; x_wconf 82' lang='grc' dir='ltr'>ΣΩ.</span> <span class='ocrx_word' id='word_1_27' title='bbox 550 525 767 579; x_wconf 73' lang='grc' dir='ltr'>ἼΙντινας</span> <span class='ocrx_word' id='word_1_28' title='bbox 820 523 896 568; x_wconf 81' lang='grc' dir='ltr'>οὐκ</span> <span class='ocrx_word' id='word_1_29' title='bbox 937 525 1121 580; x_wconf 72' lang='grc' dir='ltr'>ἀγεννῆ,</span> <span class='ocrx_word' id='word_1_30' title='bbox 1179 529 1322 582; x_wconf 77' lang='grc' dir='ltr'>ἔμοιγε</span> <span class='ocrx_word' id='word_1_31' title='bbox 1372 529 1508 572; x_wconf 81' lang='grc' dir='ltr'>δοκεῖ·</span> <span class='ocrx_word' id='word_1_32' title='bbox 1551 526 1601 573; x_wconf 85' lang='grc' dir='ltr'>τὸ</span> 
     </span>
     <span class='ocr_line' id='line_1_7' title="bbox 288 589 1605 654; baseline -0.001 -16"><span class='ocrx_word' id='word_1_33' title='bbox 288 592 372 652; x_wconf 76' lang='grc' dir='ltr'>γὰρ</span> <span class='ocrx_word' id='word_1_34' title='bbox 406 599 503 637; x_wconf 78' lang='grc' dir='ltr'>νέον</span> <span class='ocrx_word' id='word_1_35' title='bbox 538 589 645 636; x_wconf 79' lang='grc' dir='ltr'>ὅντα</span> <span class='ocrx_word' id='word_1_36' title='bbox 680 593 895 635; x_wconf 85' lang='grc' dir='ltr'>τοσοῦτον</span> <span class='ocrx_word' id='word_1_37' title='bbox 926 595 1107 648; x_wconf 67' lang='grc' dir='ltr'>πρᾶγμα</span> <span class='ocrx_word' id='word_1_38' title='bbox 1140 596 1367 646; x_wconf 75' lang='grc' dir='ltr'>ἐγνωκέναι</span> <span class='ocrx_word' id='word_1_39' title='bbox 1401 594 1452 637; x_wconf 82' lang='grc' dir='ltr'>οὐ</span> <span class='ocrx_word' id='word_1_40' title='bbox 1488 597 1605 654; x_wconf 77' lang='grc' dir='ltr'>φαῦ-</span> 
     </span>
     <span class='ocr_line' id='line_1_8' title="bbox 287 655 1605 717; baseline -0.001 -13"><span class='ocrx_word' id='word_1_41' title='bbox 287 659 367 704; x_wconf 85' lang='grc' dir='ltr'>λόν</span> <span class='ocrx_word' id='word_1_42' title='bbox 400 663 528 703; x_wconf 75' lang='grc' dir='ltr'>ἐστιν.</span> <span class='ocrx_word' id='word_1_43' title='bbox 573 663 731 708; x_wconf 78' lang='grc' dir='ltr'>ἐκεῖνος</span> <span class='ocrx_word' id='word_1_44' title='bbox 774 657 878 712; x_wconf 70' lang='grc' dir='ltr'>γάρ,</span> <span class='ocrx_word' id='word_1_45' title='bbox 921 655 978 708; x_wconf 82' lang='grc' dir='ltr'>ὥς</span> <span class='ocrx_word' id='word_1_46' title='bbox 1013 673 1168 717; x_wconf 74' lang='grc' dir='ltr'>φησιν,</span> <span class='ocrx_word' id='word_1_47' title='bbox 1216 658 1325 708; x_wconf 74' lang='grc' dir='ltr'>οἶδε,</span> <span class='ocrx_word' id='word_1_48' title='bbox 1372 663 1469 702; x_wconf 86' lang='grc' dir='ltr'>τίνα</span> <span class='ocrx_word' id='word_1_49' title='bbox 1503 657 1605 716; x_wconf 85' lang='grc' dir='ltr'>τρό-</span> 
     </span>
     <span class='ocr_line' id='line_1_9' title="bbox 288 725 1604 784; baseline -0.001 -15"><span class='ocrx_word' id='word_1_50' title='bbox 288 742 374 769; x_wconf 82' lang='grc' dir='ltr'>πον</span> <span class='ocrx_word' id='word_1_51' title='bbox 418 729 459 768; x_wconf 83' lang='grc' dir='ltr'>οἱ</span> <span class='ocrx_word' id='word_1_52' title='bbox 494 729 584 768; x_wconf 79' lang='grc' dir='ltr'>νέοι</span> <span class='ocrx_word' id='word_1_53' title='bbox 626 726 965 782; x_wconf 75' lang='grc' dir='ltr'>διαφθείρονται</span> <span class='ocrx_word' id='word_1_54' title='bbox 998 727 1070 766; x_wconf 87' lang='grc' dir='ltr'>καὶ</span> <span class='ocrx_word' id='word_1_55' title='bbox 1100 727 1210 774; x_wconf 82' lang='grc' dir='ltr'>τίνες</span> <span class='ocrx_word' id='word_1_56' title='bbox 1243 727 1285 766; x_wconf 85' lang='grc' dir='ltr'>οἱ</span> <span class='ocrx_word' id='word_1_57' title='bbox 1318 725 1604 784; x_wconf 75' lang='grc' dir='ltr'>διαφθείρον-</span> 
     </span>
     <span class='ocr_line' id='line_1_10' title="bbox 287 786 1604 847; baseline -0.001 -12"><span class='ocrx_word' id='word_1_58' title='bbox 287 808 357 842; x_wconf 79' lang='grc' dir='ltr'>τες</span> <span class='ocrx_word' id='word_1_59' title='bbox 389 789 564 840; x_wconf 80' lang='grc' dir='ltr'><strong>αὐτούς.</strong></span> <span class='ocrx_word' id='word_1_60' title='bbox 599 792 671 832; x_wconf 85' lang='grc' dir='ltr'>καὶ</span> <span class='ocrx_word' id='word_1_61' title='bbox 705 786 934 832; x_wconf 75' lang='grc' dir='ltr'>κινδυνεύει</span> <span class='ocrx_word' id='word_1_62' title='bbox 979 787 1116 847; x_wconf 73' lang='grc' dir='ltr'>σόφος</span> <span class='ocrx_word' id='word_1_63' title='bbox 1146 806 1211 839; x_wconf 84' lang='grc' dir='ltr'>τις</span> <span class='ocrx_word' id='word_1_64' title='bbox 1244 787 1375 832; x_wconf 82' lang='grc' dir='ltr'>εἶναι·</span> <span class='ocrx_word' id='word_1_65' title='bbox 1419 790 1491 833; x_wconf 82' lang='grc' dir='ltr'>καὶ</span> <span class='ocrx_word' id='word_1_66' title='bbox 1525 788 1604 843; x_wconf 73' lang='grc' dir='ltr'>τὴν</span> 
     </span>
     <span class='ocr_line' id='line_1_11' title="bbox 286 851 1605 913; baseline -0.001 -13"><span class='ocrx_word' id='word_1_67' title='bbox 286 854 393 913; x_wconf 71' lang='grc' dir='ltr'>ἐμὴν</span> <span class='ocrx_word' id='word_1_68' title='bbox 427 855 636 912; x_wconf 73' lang='grc' dir='ltr'>ἀμαθίαν</span> <span class='ocrx_word' id='word_1_69' title='bbox 669 851 855 898; x_wconf 75' lang='grc' dir='ltr'>κατιδὼν</span> <span class='ocrx_word' id='word_1_70' title='bbox 903 851 960 904; x_wconf 83' lang='grc' dir='ltr'>ὡς</span> <span class='ocrx_word' id='word_1_71' title='bbox 1005 856 1346 913; x_wconf 75' lang='grc' dir='ltr'>διαφθείροντος</span> <span class='ocrx_word' id='word_1_72' title='bbox 1377 853 1479 906; x_wconf 83' lang='grc' dir='ltr'>τοὺς</span> <span class='ocrx_word' id='word_1_73' title='bbox 1511 855 1605 909; x_wconf 81' lang='grc' dir='ltr'>ἡλι-</span> 
     </span>
     <span class='ocr_line' id='line_1_12' title="bbox 286 918 1602 980; baseline 0 -14"><span class='ocrx_word' id='word_1_74' title='bbox 286 922 443 974; x_wconf 84' lang='grc' dir='ltr'>κιώτας</span> <span class='ocrx_word' id='word_1_75' title='bbox 494 920 657 973; x_wconf 86' lang='grc' dir='ltr'>αὐτοῦ,</span> <span class='ocrx_word' id='word_1_76' title='bbox 710 922 878 979; x_wconf 76' lang='grc' dir='ltr'>ἔρχεται</span> <span class='ocrx_word' id='word_1_77' title='bbox 927 918 1238 978; x_wconf 71' lang='grc' dir='ltr'>κατηγορήσων</span> <span class='ocrx_word' id='word_1_78' title='bbox 1290 937 1405 978; x_wconf 81' lang='grc' dir='ltr'>μου,</span> <span class='ocrx_word' id='word_1_79' title='bbox 1467 919 1602 980; x_wconf 82' lang='grc' dir='ltr'>ὥςπερ</span> 
     </span>
    </p>
   </div>
   <div class='ocr_carea' id='block_1_3' title="bbox 269 1045 1606 1230">
    <p class='ocr_par' dir='ltr' id='par_1_5' title="bbox 269 1045 1606 1224">
     <span class='ocr_line' id='line_1_13' title="bbox 377 1045 1603 1092; baseline 0.001 -10"><span class='ocrx_word' id='word_1_80' title='bbox 377 1053 414 1082; x_wconf 88' lang='lat' dir='ltr'>C.</span> <span class='ocrx_word' id='word_1_81' title='bbox 464 1045 541 1082; x_wconf 79' lang='grc' dir='ltr'>οὔκ</span> <span class='ocrx_word' id='word_1_82' title='bbox 563 1046 741 1091; x_wconf 75' lang='grc' dir='ltr'>ἀγεννῆ,</span> <span class='ocrx_word' id='word_1_83' title='bbox 767 1049 918 1090; x_wconf 63' lang='grc' dir='ltr'>ἔμοιγε</span> <span class='ocrx_word' id='word_1_84' title='bbox 942 1047 1084 1092; x_wconf 82' lang='grc' dir='ltr'>δοκεῖ]</span> <span class='ocrx_word' id='word_1_85' title='bbox 1109 1051 1197 1081; x_wconf 81' lang='lat' dir='ltr'>Ante</span> <span class='ocrx_word' id='word_1_86' title='bbox 1220 1048 1331 1092; x_wconf 66' lang='grc' dir='ltr'>ἔμοιγε</span> <span class='ocrx_word' id='word_1_87' title='bbox 1351 1049 1430 1080; x_wconf 76' lang='lat' dir='ltr'>Vnt,</span> <span class='ocrx_word' id='word_1_88' title='bbox 1450 1046 1491 1082; x_wconf 85' lang='lat' dir='ltr'>A.</span> <span class='ocrx_word' id='word_1_89' title='bbox 1517 1051 1603 1083; x_wconf 78' lang='lat' dir='ltr'>Ven.</span> 
     </span>
     <span class='ocr_line' id='line_1_14' title="bbox 285 1093 1606 1135; baseline -0.002 -7"><span class='ocrx_word' id='word_1_90' title='bbox 285 1094 335 1128; x_wconf 88' lang='grc' dir='ltr'>Π.</span> <span class='ocrx_word' id='word_1_91' title='bbox 359 1095 459 1126; x_wconf 77' lang='lat' dir='ltr'>vind.</span> <span class='ocrx_word' id='word_1_92' title='bbox 488 1097 516 1126; x_wconf 86' lang='lat'>1.</span> <span class='ocrx_word' id='word_1_93' title='bbox 540 1097 570 1127; x_wconf 83' lang='lat'>2.</span> <span class='ocrx_word' id='word_1_94' title='bbox 598 1097 628 1124; x_wconf 83' lang='lat'>3.</span> <span class='ocrx_word' id='word_1_95' title='bbox 655 1097 686 1125; x_wconf 82' lang='lat'>5.</span> <span class='ocrx_word' id='word_1_96' title='bbox 733 1095 943 1133; x_wconf 63' lang='lat' dir='ltr'>morentini,</span> <span class='ocrx_word' id='word_1_97' title='bbox 976 1096 1078 1126; x_wconf 86' lang='lat' dir='ltr'>Huet.</span> <span class='ocrx_word' id='word_1_98' title='bbox 1108 1097 1185 1126; x_wconf 85' lang='lat' dir='ltr'>Par.</span> <span class='ocrx_word' id='word_1_99' title='bbox 1210 1097 1391 1126; x_wconf 77' lang='lat' dir='ltr'>chffls.</span> <span class='ocrx_word' id='word_1_100' title='bbox 1416 1096 1538 1135; x_wconf 81' lang='lat' dir='ltr'>Angel.</span> <span class='ocrx_word' id='word_1_101' title='bbox 1563 1093 1606 1132; x_wconf 78' lang='grc' dir='ltr'>ὡς</span> 
     </span>
     <span class='ocr_line' id='line_1_15' title="bbox 269 1139 1606 1179; baseline 0 -8"><span class='ocrx_word' id='word_1_102' title='bbox 269 1143 485 1179; x_wconf 67' lang='lat' dir='ltr'>&#39;infer-ciunt,</span> <span class='ocrx_word' id='word_1_103' title='bbox 512 1140 598 1178; x_wconf 83' lang='lat' dir='ltr'>quod</span> <span class='ocrx_word' id='word_1_104' title='bbox 624 1139 702 1170; x_wconf 87' lang='lat' dir='ltr'>inde</span> <span class='ocrx_word' id='word_1_105' title='bbox 727 1148 747 1169; x_wconf 87' lang='lat' dir='ltr'>a</span> <span class='ocrx_word' id='word_1_106' title='bbox 772 1139 924 1170; x_wconf 84' lang='lat' dir='ltr'>Bekkero</span> <span class='ocrx_word' id='word_1_107' title='bbox 949 1150 1066 1170; x_wconf 85' lang='lat' dir='ltr'>omnes</span> <span class='ocrx_word' id='word_1_108' title='bbox 1092 1145 1327 1178; x_wconf 77' lang='lat' dir='ltr'>susceperunt.</span> <span class='ocrx_word' id='word_1_109' title='bbox 1355 1140 1452 1169; x_wconf 81' lang='lat' dir='ltr'>male.</span> <span class='ocrx_word' id='word_1_110' title='bbox 1502 1141 1606 1171; x_wconf 79' lang='lat' dir='ltr'>Debet</span> 
     </span>
     <span class='ocr_line' id='line_1_16' title="bbox 285 1184 1605 1230; baseline -0.001 -14"><span class='ocrx_word' id='word_1_111' title='bbox 285 1187 375 1217; x_wconf 83' lang='lat' dir='ltr'>enim</span> <span class='ocrx_word' id='word_1_112' title='bbox 410 1186 496 1216; x_wconf 81' lang='lat' dir='ltr'>baud</span> <span class='ocrx_word' id='word_1_113' title='bbox 527 1185 626 1215; x_wconf 87' lang='lat' dir='ltr'>dubie</span> <span class='ocrx_word' id='word_1_114' title='bbox 651 1185 772 1214; x_wconf 76' lang='lat' dir='ltr'>vocula</span> <span class='ocrx_word' id='word_1_115' title='bbox 798 1185 965 1224; x_wconf 78' lang='lat' dir='ltr'>originem</span> <span class='ocrx_word' id='word_1_116' title='bbox 991 1195 1085 1215; x_wconf 84' lang='lat' dir='ltr'>suam</span> <span class='ocrx_word' id='word_1_117' title='bbox 1110 1186 1267 1215; x_wconf 79' lang='lat' dir='ltr'>inscitiae</span> <span class='ocrx_word' id='word_1_118' title='bbox 1292 1184 1605 1230; x_wconf 85' lang='lat' dir='ltr'>grammaticorum,</span> 
     </span>
    </p>
   </div>
   <div class='ocr_carea' id='block_1_4' title="bbox 285 1222 1606 1365">
    <p class='ocr_par' dir='ltr' id='par_1_6' title="bbox 285 1222 1606 1365">
     <span class='ocr_line' id='line_1_17' title="bbox 285 1222 1606 1272; baseline 0 -11"><span class='ocrx_word' id='word_1_119' title='bbox 285 1231 342 1270; x_wconf 85' lang='lat' dir='ltr'>qui</span> <span class='ocrx_word' id='word_1_120' title='bbox 366 1231 478 1272; x_wconf 65' lang='grc' dir='ltr'>ἔμοιγε</span> <span class='ocrx_word' id='word_1_121' title='bbox 501 1228 590 1261; x_wconf 80' lang='grc' dir='ltr'>δοκεῖ</span> <span class='ocrx_word' id='word_1_122' title='bbox 610 1233 643 1259; x_wconf 85' lang='lat' dir='ltr'>et</span> <span class='ocrx_word' id='word_1_123' title='bbox 669 1228 732 1270; x_wconf 74' lang='grc' dir='ltr'>μοὶ</span> <span class='ocrx_word' id='word_1_124' title='bbox 753 1227 841 1259; x_wconf 78' lang='grc' dir='ltr'>δοκεῖ</span> <span class='ocrx_word' id='word_1_125' title='bbox 863 1231 911 1260; x_wconf 80' lang='lat' dir='ltr'>sic</span> <span class='ocrx_word' id='word_1_126' title='bbox 939 1230 1114 1268; x_wconf 87' lang='lat' dir='ltr'>interponi</span> <span class='ocrx_word' id='word_1_127' title='bbox 1139 1232 1249 1261; x_wconf 84' lang='lat' dir='ltr'>solere</span> <span class='ocrx_word' id='word_1_128' title='bbox 1274 1230 1485 1269; x_wconf 80' lang='lat' dir='ltr'>ignorarent.</span> <span class='ocrx_word' id='word_1_129' title='bbox 1507 1239 1540 1261; x_wconf 86' lang='lat' dir='ltr'>v.</span> <span class='ocrx_word' id='word_1_130' title='bbox 1563 1222 1606 1261; x_wconf 68' lang='lat' dir='ltr'>ad</span> 
     </span>
     <span class='ocr_line' id='line_1_18' title="bbox 285 1275 1202 1314; baseline -0.003 -7"><span class='ocrx_word' id='word_1_131' title='bbox 285 1277 404 1314; x_wconf 77' lang='lat' dir='ltr'>Remp.</span> <span class='ocrx_word' id='word_1_132' title='bbox 429 1277 469 1307; x_wconf 89' lang='lat' dir='ltr'>V.</span> <span class='ocrx_word' id='word_1_133' title='bbox 496 1285 529 1314; x_wconf 87' lang='lat' dir='ltr'>p.</span> <span class='ocrx_word' id='word_1_134' title='bbox 551 1277 630 1306; x_wconf 80' lang='grc'><strong>467.</strong></span> <span class='ocrx_word' id='word_1_135' title='bbox 662 1275 702 1307; x_wconf 84' lang='grc' dir='ltr'>Ε.</span> <span class='ocrx_word' id='word_1_136' title='bbox 727 1275 910 1307; x_wconf 82' lang='lat' dir='ltr'>Menexen.</span> <span class='ocrx_word' id='word_1_137' title='bbox 935 1284 966 1313; x_wconf 88' lang='lat' dir='ltr'>p.</span> <span class='ocrx_word' id='word_1_138' title='bbox 992 1277 1069 1306; x_wconf 87' lang='grc'><strong>236.</strong></span> <span class='ocrx_word' id='word_1_139' title='bbox 1098 1277 1133 1306; x_wconf 96' lang='grc' dir='ltr'>Β.</span> <span class='ocrx_word' id='word_1_140' title='bbox 1158 1275 1202 1306; x_wconf 86' lang='lat' dir='ltr'>al.</span> 
     </span>
     <span class='ocr_line' id='line_1_19' title="bbox 374 1316 1606 1365; baseline -0.002 -13"><span class='ocrx_word' id='word_1_141' title='bbox 374 1318 509 1365; x_wconf 77' lang='grc' dir='ltr'>ὥςπερ</span> <span class='ocrx_word' id='word_1_142' title='bbox 540 1316 650 1363; x_wconf 75' lang='grc' dir='ltr'>πρὸς</span> <span class='ocrx_word' id='word_1_143' title='bbox 679 1319 866 1363; x_wconf 75' lang='grc' dir='ltr'>μητέρα,</span> <span class='ocrx_word' id='word_1_144' title='bbox 897 1319 1007 1363; x_wconf 81' lang='grc' dir='ltr'>πρὸς</span> <span class='ocrx_word' id='word_1_145' title='bbox 1029 1316 1106 1362; x_wconf 76' lang='grc' dir='ltr'>τὴν</span> <span class='ocrx_word' id='word_1_146' title='bbox 1127 1321 1186 1359; x_wconf 88' lang='grc' dir='ltr'>π.]</span> <span class='ocrx_word' id='word_1_147' title='bbox 1212 1319 1291 1351; x_wconf 78' lang='lat' dir='ltr'>Vat.</span> <span class='ocrx_word' id='word_1_148' title='bbox 1313 1317 1356 1353; x_wconf 84' lang='lat' dir='ltr'>A.</span> <span class='ocrx_word' id='word_1_149' title='bbox 1380 1328 1400 1350; x_wconf 77' lang='lat' dir='ltr'>a</span> <span class='ocrx_word' id='word_1_150' title='bbox 1426 1328 1478 1358; x_wconf 86' lang='lat' dir='ltr'>pr.</span> <span class='ocrx_word' id='word_1_151' title='bbox 1503 1328 1548 1351; x_wconf 78' lang='lat' dir='ltr'>m.</span> <span class='ocrx_word' id='word_1_152' title='bbox 1569 1321 1606 1350; x_wconf 81' lang='lat' dir='ltr'>et</span> 
     </span>
    </p>
   </div>
   <div class='ocr_carea' id='block_1_5' title="bbox 278 1429 920 2727">
    <p class='ocr_par' dir='ltr' id='par_1_7' title="bbox 278 1429 920 2727">
     <span class='ocr_line' id='line_1_20' title="bbox 285 1429 918 1470; baseline -0.002 -10"><span class='ocrx_word' id='word_1_153' title='bbox 285 1430 402 1462; x_wconf 77' lang='lat' dir='ltr'>rerunt</span> <span class='ocrx_word' id='word_1_154' title='bbox 424 1430 539 1470; x_wconf 75' lang='lat' dir='ltr'>potius</span> <span class='ocrx_word' id='word_1_155' title='bbox 569 1430 610 1460; x_wconf 79' lang='lat' dir='ltr'>nd</span> <span class='ocrx_word' id='word_1_156' title='bbox 643 1429 767 1460; x_wconf 79' lang='lat' dir='ltr'>tribum</span> <span class='ocrx_word' id='word_1_157' title='bbox 792 1431 918 1460; x_wconf 87' lang='lat' dir='ltr'>cecro-</span> 
     </span>
     <span class='ocr_line' id='line_1_21' title="bbox 285 1475 918 1515; baseline -0.002 -10"><span class='ocrx_word' id='word_1_158' title='bbox 285 1476 419 1515; x_wconf 76' lang='lat' dir='ltr'>pidem,</span> <span class='ocrx_word' id='word_1_159' title='bbox 462 1475 550 1514; x_wconf 83' lang='lat' dir='ltr'>quod</span> <span class='ocrx_word' id='word_1_160' title='bbox 592 1475 681 1505; x_wconf 85' lang='lat' dir='ltr'>idem</span> <span class='ocrx_word' id='word_1_161' title='bbox 721 1476 846 1505; x_wconf 80' lang='lat' dir='ltr'>factum</span> <span class='ocrx_word' id='word_1_162' title='bbox 880 1475 918 1504; x_wconf 89' lang='lat' dir='ltr'>in</span> 
     </span>
     <span class='ocr_line' id='line_1_22' title="bbox 285 1520 918 1561; baseline -0.002 -10"><span class='ocrx_word' id='word_1_163' title='bbox 285 1523 439 1558; x_wconf 81' lang='lat' dir='ltr'>Corpore</span> <span class='ocrx_word' id='word_1_164' title='bbox 497 1520 766 1558; x_wconf 81' lang='lat' dir='ltr'>Inscriptionum</span> <span class='ocrx_word' id='word_1_165' title='bbox 828 1520 918 1561; x_wconf 78' lang='lat' dir='ltr'>apud</span> 
     </span>
     <span class='ocr_line' id='line_1_23' title="bbox 285 1565 918 1599; baseline 0 -3"><span class='ocrx_word' id='word_1_166' title='bbox 285 1565 552 1596; x_wconf 84' lang='lat' dir='ltr'>Boeckhium</span> <span class='ocrx_word' id='word_1_167' title='bbox 590 1574 624 1596; x_wconf 91' lang='lat' dir='ltr'>n.</span> <span class='ocrx_word' id='word_1_168' title='bbox 665 1566 742 1599; x_wconf 74' lang='lat'>115.</span> <span class='ocrx_word' id='word_1_169' title='bbox 780 1566 815 1594; x_wconf 83' lang='lat' dir='ltr'>et</span> <span class='ocrx_word' id='word_1_170' title='bbox 842 1566 918 1596; x_wconf 87' lang='grc'><strong>183.</strong></span> 
     </span>
     <span class='ocr_line' id='line_1_24' title="bbox 286 1606 920 1649; baseline -0.002 -8"><span class='ocrx_word' id='word_1_171' title='bbox 286 1612 335 1641; x_wconf 83' lang='lat' dir='ltr'>De</span> <span class='ocrx_word' id='word_1_172' title='bbox 381 1610 509 1649; x_wconf 81' lang='lat' dir='ltr'>duplici</span> <span class='ocrx_word' id='word_1_173' title='bbox 545 1610 718 1648; x_wconf 79' lang='lat' dir='ltr'>scriptura</span> <span class='ocrx_word' id='word_1_174' title='bbox 761 1606 920 1645; x_wconf 75' lang='grc' dir='ltr'>Πιτθεὺς</span> 
     </span>
     <span class='ocr_line' id='line_1_25' title="bbox 285 1653 918 1694; baseline -0.003 -8"><span class='ocrx_word' id='word_1_175' title='bbox 285 1658 320 1686; x_wconf 81' lang='lat' dir='ltr'>et</span> <span class='ocrx_word' id='word_1_176' title='bbox 350 1653 490 1692; x_wconf 75' lang='grc' dir='ltr'>Πιθεύς</span> <span class='ocrx_word' id='word_1_177' title='bbox 519 1654 684 1688; x_wconf 74' lang='lat' dir='ltr'>dixerunt</span> <span class='ocrx_word' id='word_1_178' title='bbox 713 1663 812 1693; x_wconf 87' lang='lat' dir='ltr'>quum</span> <span class='ocrx_word' id='word_1_179' title='bbox 847 1655 918 1694; x_wconf 87' lang='lat' dir='ltr'>alii,</span> 
     </span>
     <span class='ocr_line' id='line_1_26' title="bbox 286 1700 914 1739; baseline 0 -9"><span class='ocrx_word' id='word_1_180' title='bbox 286 1704 359 1731; x_wconf 84' lang='lat' dir='ltr'>tum</span> <span class='ocrx_word' id='word_1_181' title='bbox 396 1701 570 1739; x_wconf 76' lang='lat' dir='ltr'>Taylor.</span> <span class='ocrx_word' id='word_1_182' title='bbox 611 1700 653 1730; x_wconf 87' lang='lat' dir='ltr'>ad</span> <span class='ocrx_word' id='word_1_183' title='bbox 697 1700 914 1731; x_wconf 75' lang='lat' dir='ltr'>Demosthen-</span> 
     </span>
     <span class='ocr_line' id='line_1_27' title="bbox 281 1745 916 1783; baseline -0.005 -7"><span class='ocrx_word' id='word_1_184' title='bbox 281 1745 427 1777; x_wconf 86' lang='lat' dir='ltr'>Midian.</span> <span class='ocrx_word' id='word_1_185' title='bbox 457 1755 488 1783; x_wconf 85' lang='lat' dir='ltr'>p.</span> <span class='ocrx_word' id='word_1_186' title='bbox 516 1745 592 1775; x_wconf 88' lang='lat'><strong>181.</strong></span> <span class='ocrx_word' id='word_1_187' title='bbox 623 1745 663 1777; x_wconf 84' lang='grc' dir='ltr'>Τ.</span> <span class='ocrx_word' id='word_1_188' title='bbox 694 1746 754 1776; x_wconf 89' lang='lat' dir='ltr'>lll.</span> <span class='ocrx_word' id='word_1_189' title='bbox 802 1746 916 1781; x_wconf 75' lang='lat' dir='ltr'>Appa-</span> 
     </span>
     <span class='ocr_line' id='line_1_28' title="bbox 280 1789 915 1828; baseline 0.002 -8"><span class='ocrx_word' id='word_1_190' title='bbox 280 1793 350 1826; x_wconf 81' lang='lat' dir='ltr'>rat.</span> <span class='ocrx_word' id='word_1_191' title='bbox 375 1789 549 1821; x_wconf 79' lang='lat' dir='ltr'>Schaerer.</span> <span class='ocrx_word' id='word_1_192' title='bbox 576 1798 608 1828; x_wconf 89' lang='lat' dir='ltr'>p.</span> <span class='ocrx_word' id='word_1_193' title='bbox 641 1790 706 1820; x_wconf 76' lang='lat'>³68</span> <span class='ocrx_word' id='word_1_194' title='bbox 731 1798 781 1826; x_wconf 76' lang='lat' dir='ltr'>sq.</span> <span class='ocrx_word' id='word_1_195' title='bbox 827 1789 915 1821; x_wconf 82' lang='lat' dir='ltr'>Dein</span> 
     </span>
     <span class='ocr_line' id='line_1_29' title="bbox 281 1833 913 1874; baseline -0.005 -8"><span class='ocrx_word' id='word_1_196' title='bbox 281 1834 313 1866; x_wconf 70' lang='grc' dir='ltr'>εἴ</span> <span class='ocrx_word' id='word_1_197' title='bbox 342 1844 419 1865; x_wconf 86' lang='grc' dir='ltr'>τινα</span> <span class='ocrx_word' id='word_1_198' title='bbox 451 1833 498 1874; x_wconf 79' lang='grc' dir='ltr'>νῷ</span> <span class='ocrx_word' id='word_1_199' title='bbox 527 1833 612 1873; x_wconf 59' lang='grc' dir='ltr'>ἔχεις</span> <span class='ocrx_word' id='word_1_200' title='bbox 642 1836 695 1864; x_wconf 83' lang='lat' dir='ltr'>est</span> <span class='ocrx_word' id='word_1_201' title='bbox 725 1834 757 1863; x_wconf 82' lang='lat' dir='ltr'>si</span> <span class='ocrx_word' id='word_1_202' title='bbox 791 1843 913 1871; x_wconf 89' lang='lat' dir='ltr'>quem</span> 
     </span>
     <span class='ocr_line' id='line_1_30' title="bbox 282 1878 916 1916; baseline -0.003 -6"><span class='ocrx_word' id='word_1_203' title='bbox 282 1882 423 1911; x_wconf 82' lang='lat' dir='ltr'>mente</span> <span class='ocrx_word' id='word_1_204' title='bbox 446 1881 582 1916; x_wconf 70' lang='lat' dir='ltr'>tenea,</span> <span class='ocrx_word' id='word_1_205' title='bbox 606 1878 629 1910; x_wconf 87' lang='lat' dir='ltr'>i.</span> <span class='ocrx_word' id='word_1_206' title='bbox 657 1887 687 1909; x_wconf 89' lang='lat' dir='ltr'>e.</span> <span class='ocrx_word' id='word_1_207' title='bbox 714 1878 916 1909; x_wconf 85' lang='lat' dir='ltr'>memini-</span> 
     </span>
     <span class='ocr_line' id='line_1_31' title="bbox 279 1922 917 1965; baseline -0.006 -9"><span class='ocrx_word' id='word_1_208' title='bbox 279 1924 361 1965; x_wconf 66' lang='lat' dir='ltr'>sti,</span> <span class='ocrx_word' id='word_1_209' title='bbox 393 1924 483 1962; x_wconf 85' lang='lat' dir='ltr'>quod</span> <span class='ocrx_word' id='word_1_210' title='bbox 513 1923 615 1954; x_wconf 85' lang='lat' dir='ltr'>etiam</span> <span class='ocrx_word' id='word_1_211' title='bbox 646 1923 721 1953; x_wconf 85' lang='lat' dir='ltr'>sine</span> <span class='ocrx_word' id='word_1_212' title='bbox 745 1922 778 1952; x_wconf 73' lang='grc' dir='ltr'>ἐν</span> <span class='ocrx_word' id='word_1_213' title='bbox 805 1923 917 1962; x_wconf 87' lang='lat' dir='ltr'>potuit</span> 
     </span>
     <span class='ocr_line' id='line_1_32' title="bbox 281 1968 915 2009; baseline -0.002 -10"><span class='ocrx_word' id='word_1_214' title='bbox 281 1969 367 2009; x_wconf 85' lang='lat' dir='ltr'>dici,</span> <span class='ocrx_word' id='word_1_215' title='bbox 397 1970 483 2008; x_wconf 87' lang='lat' dir='ltr'>quod</span> <span class='ocrx_word' id='word_1_216' title='bbox 514 1969 617 2007; x_wconf 85' lang='lat' dir='ltr'>vulgo</span> <span class='ocrx_word' id='word_1_217' title='bbox 657 1968 776 1999; x_wconf 79' lang='lat' dir='ltr'>invitis</span> <span class='ocrx_word' id='word_1_218' title='bbox 818 1968 915 1998; x_wconf 82' lang='lat' dir='ltr'>codd.</span> 
     </span>
     <span class='ocr_line' id='line_1_33' title="bbox 278 2014 914 2053; baseline -0.003 -8"><span class='ocrx_word' id='word_1_219' title='bbox 278 2014 451 2045; x_wconf 83' lang='lat' dir='ltr'>intrusum</span> <span class='ocrx_word' id='word_1_220' title='bbox 488 2014 626 2053; x_wconf 80' lang='lat' dir='ltr'>legitur.</span> <span class='ocrx_word' id='word_1_221' title='bbox 659 2015 711 2045; x_wconf 88' lang='lat' dir='ltr'>De</span> <span class='ocrx_word' id='word_1_222' title='bbox 741 2015 822 2051; x_wconf 86' lang='lat' dir='ltr'>Rep.</span> <span class='ocrx_word' id='word_1_223' title='bbox 858 2015 914 2044; x_wconf 85' lang='lat' dir='ltr'>Vl.</span> 
     </span>
     <span class='ocr_line' id='line_1_34' title="bbox 281 2053 915 2100; baseline -0.003 -10"><span class='ocrx_word' id='word_1_224' title='bbox 281 2070 313 2099; x_wconf 86' lang='lat' dir='ltr'>p.</span> <span class='ocrx_word' id='word_1_225' title='bbox 330 2061 424 2091; x_wconf 82' lang='grc'><strong>490.</strong></span> <span class='ocrx_word' id='word_1_226' title='bbox 456 2060 493 2090; x_wconf 78' lang='lat' dir='ltr'>A.</span> <span class='ocrx_word' id='word_1_227' title='bbox 521 2054 636 2100; x_wconf 75' lang='grc' dir='ltr'>ἡγεῖτο</span> <span class='ocrx_word' id='word_1_228' title='bbox 669 2056 704 2089; x_wconf 73' lang='grc' dir='ltr'>δὲ</span> <span class='ocrx_word' id='word_1_229' title='bbox 739 2053 848 2097; x_wconf 68' lang='grc' dir='ltr'>αὐτῷ,</span> <span class='ocrx_word' id='word_1_230' title='bbox 886 2057 915 2088; x_wconf 78' lang='grc' dir='ltr'>εἰ</span> 
     </span>
     <span class='ocr_line' id='line_1_35' title="bbox 278 2098 914 2146; baseline -0.005 -11"><span class='ocrx_word' id='word_1_231' title='bbox 278 2103 322 2144; x_wconf 79' lang='grc' dir='ltr'>νῷ</span> <span class='ocrx_word' id='word_1_232' title='bbox 354 2103 458 2145; x_wconf 74' lang='grc' dir='ltr'>ἔχεις,</span> <span class='ocrx_word' id='word_1_233' title='bbox 489 2101 621 2146; x_wconf 79' lang='grc' dir='ltr'>πρῶτον</span> <span class='ocrx_word' id='word_1_234' title='bbox 657 2104 716 2145; x_wconf 75' lang='grc' dir='ltr'>μὲν</span> <span class='ocrx_word' id='word_1_235' title='bbox 751 2098 914 2143; x_wconf 76' lang='grc' dir='ltr'><strong>ἀλήθεια.</strong></span> 
     </span>
     <span class='ocr_line' id='line_1_36' title="bbox 279 2147 914 2190; baseline -0.005 -10"><span class='ocrx_word' id='word_1_236' title='bbox 279 2150 491 2181; x_wconf 75' lang='lat' dir='ltr'>Herodot.</span> <span class='ocrx_word' id='word_1_237' title='bbox 527 2150 566 2179; x_wconf 91' lang='lat' dir='ltr'>V.</span> <span class='ocrx_word' id='word_1_238' title='bbox 600 2150 654 2180; x_wconf 84' lang='lat'>92.</span> <span class='ocrx_word' id='word_1_239' title='bbox 693 2151 725 2179; x_wconf 80' lang='grc'>’7.</span> <span class='ocrx_word' id='word_1_240' title='bbox 765 2147 914 2190; x_wconf 79' lang='grc' dir='ltr'>Περίαν-</span> 
     </span>
     <span class='ocr_line' id='line_1_37' title="bbox 279 2187 914 2234; baseline -0.006 -8"><span class='ocrx_word' id='word_1_241' title='bbox 279 2192 359 2234; x_wconf 80' lang='grc' dir='ltr'>δρος</span> <span class='ocrx_word' id='word_1_242' title='bbox 383 2192 435 2233; x_wconf 76' lang='grc' dir='ltr'>δὲ,</span> <span class='ocrx_word' id='word_1_243' title='bbox 458 2192 584 2228; x_wconf 85' lang='grc' dir='ltr'>συνιεὶς</span> <span class='ocrx_word' id='word_1_244' title='bbox 611 2187 652 2223; x_wconf 82' lang='grc' dir='ltr'>τὸ</span> <span class='ocrx_word' id='word_1_245' title='bbox 677 2193 836 2233; x_wconf 55' lang='grc' dir='ltr'>ποιηθὲν,</span> <span class='ocrx_word' id='word_1_246' title='bbox 859 2190 914 2222; x_wconf 74' lang='grc' dir='ltr'>καὶ</span> 
     </span>
     <span class='ocr_line' id='line_1_38' title="bbox 278 2234 915 2279; baseline -0.003 -10"><span class='ocrx_word' id='word_1_247' title='bbox 278 2235 345 2278; x_wconf 84' lang='grc' dir='ltr'>νόῳ</span> <span class='ocrx_word' id='word_1_248' title='bbox 371 2239 472 2277; x_wconf 75' lang='grc' dir='ltr'>ἴσχων</span> <span class='ocrx_word' id='word_1_249' title='bbox 488 2235 530 2273; x_wconf 80' lang='grc' dir='ltr'>ὥς</span> <span class='ocrx_word' id='word_1_250' title='bbox 554 2238 588 2269; x_wconf 72' lang='grc' dir='ltr'>οἱ</span> <span class='ocrx_word' id='word_1_251' title='bbox 610 2234 793 2269; x_wconf 75' lang='grc' dir='ltr'>ὑπετίθετο</span> <span class='ocrx_word' id='word_1_252' title='bbox 817 2235 915 2279; x_wconf 82' lang='grc' dir='ltr'>Θρα-</span> 
     </span>
     <span class='ocr_line' id='line_1_39' title="bbox 281 2279 913 2324; baseline -0.003 -10"><span class='ocrx_word' id='word_1_253' title='bbox 281 2279 455 2324; x_wconf 78' lang='grc' dir='ltr'>σύβουλος</span> <span class='ocrx_word' id='word_1_254' title='bbox 486 2294 514 2314; x_wconf 82' lang='grc' dir='ltr'>κ.</span> <span class='ocrx_word' id='word_1_255' title='bbox 538 2294 571 2316; x_wconf 91' lang='grc' dir='ltr'>τ.</span> <span class='ocrx_word' id='word_1_256' title='bbox 601 2281 632 2314; x_wconf 80' lang='grc' dir='ltr'>λ.</span> <span class='ocrx_word' id='word_1_257' title='bbox 686 2283 847 2313; x_wconf 76' lang='lat' dir='ltr'>Pluribus</span> <span class='ocrx_word' id='word_1_258' title='bbox 872 2283 913 2312; x_wconf 87' lang='lat' dir='ltr'>de</span> 
     </span>
     <span class='ocr_line' id='line_1_40' title="bbox 278 2327 892 2366; baseline -0.003 -7"><span class='ocrx_word' id='word_1_259' title='bbox 278 2328 342 2359; x_wconf 78' lang='lat' dir='ltr'>hac</span> <span class='ocrx_word' id='word_1_260' title='bbox 366 2337 405 2358; x_wconf 80' lang='lat' dir='ltr'>re</span> <span class='ocrx_word' id='word_1_261' title='bbox 429 2327 509 2357; x_wconf 87' lang='lat' dir='ltr'>olim</span> <span class='ocrx_word' id='word_1_262' title='bbox 537 2328 578 2357; x_wconf 78' lang='lat' dir='ltr'>nd</span> <span class='ocrx_word' id='word_1_263' title='bbox 602 2328 635 2358; x_wconf 88' lang='lat' dir='ltr'>h.</span> <span class='ocrx_word' id='word_1_264' title='bbox 659 2328 683 2359; x_wconf 89' lang='lat'>1.</span> <span class='ocrx_word' id='word_1_265' title='bbox 709 2328 892 2366; x_wconf 77' lang='lat' dir='ltr'>disputavi.</span> 
     </span>
     <span class='ocr_line' id='line_1_41' title="bbox 325 2369 913 2423; baseline -0.002 -20"><span class='ocrx_word' id='word_1_266' title='bbox 325 2372 419 2403; x_wconf 85' lang='grc' dir='ltr'>οἷον</span> <span class='ocrx_word' id='word_1_267' title='bbox 454 2369 752 2423; x_wconf 80' lang='grc' dir='ltr'>τετανότριχα</span> <span class='ocrx_word' id='word_1_268' title='bbox 780 2375 845 2411; x_wconf 91' lang='grc'>-]</span> <span class='ocrx_word' id='word_1_269' title='bbox 879 2373 913 2403; x_wconf 81' lang='lat' dir='ltr'>h.</span> 
     </span>
     <span class='ocr_line' id='line_1_42' title="bbox 279 2412 914 2454; baseline -0.003 -6"><span class='ocrx_word' id='word_1_270' title='bbox 279 2426 310 2448; x_wconf 83' lang='lat' dir='ltr'>e.</span> <span class='ocrx_word' id='word_1_271' title='bbox 342 2415 516 2454; x_wconf 81' lang='grc' dir='ltr'>τοιοῦτον,</span> <span class='ocrx_word' id='word_1_272' title='bbox 544 2412 634 2453; x_wconf 80' lang='grc' dir='ltr'>ὅςτις</span> <span class='ocrx_word' id='word_1_273' title='bbox 665 2416 751 2448; x_wconf 71' lang='grc' dir='ltr'>ἐστιν</span> <span class='ocrx_word' id='word_1_274' title='bbox 773 2413 914 2448; x_wconf 73' lang='grc' dir='ltr'>τετανό-</span> 
     </span>
     <span class='ocr_line' id='line_1_43' title="bbox 279 2459 914 2504; baseline 0 -12"><span class='ocrx_word' id='word_1_275' title='bbox 279 2459 365 2504; x_wconf 72' lang='grc' dir='ltr'>θριὲ</span> <span class='ocrx_word' id='word_1_276' title='bbox 397 2473 425 2491; x_wconf 87' lang='grc' dir='ltr'>κ.</span> <span class='ocrx_word' id='word_1_277' title='bbox 449 2472 480 2492; x_wconf 92' lang='grc' dir='ltr'><strong>τ.</strong></span> <span class='ocrx_word' id='word_1_278' title='bbox 505 2460 534 2491; x_wconf 82' lang='grc' dir='ltr'>λ.</span> <span class='ocrx_word' id='word_1_279' title='bbox 564 2461 604 2491; x_wconf 80' lang='lat' dir='ltr'>de</span> <span class='ocrx_word' id='word_1_280' title='bbox 636 2471 701 2500; x_wconf 83' lang='lat' dir='ltr'>qua</span> <span class='ocrx_word' id='word_1_281' title='bbox 733 2462 914 2492; x_wconf 80' lang='lat' dir='ltr'>attractio-</span> 
     </span>
     <span class='ocr_line' id='line_1_44' title="bbox 280 2506 912 2538; baseline -0.002 0"><span class='ocrx_word' id='word_1_282' title='bbox 280 2508 334 2538; x_wconf 71' lang='lat' dir='ltr'>nis</span> <span class='ocrx_word' id='word_1_283' title='bbox 363 2507 474 2536; x_wconf 81' lang='lat' dir='ltr'>forma</span> <span class='ocrx_word' id='word_1_284' title='bbox 497 2506 584 2536; x_wconf 84' lang='lat' dir='ltr'>dixit</span> <span class='ocrx_word' id='word_1_285' title='bbox 609 2507 830 2537; x_wconf 75' lang='lat' dir='ltr'>Matthiae</span> <span class='ocrx_word' id='word_1_286' title='bbox 855 2509 912 2538; x_wconf 85' lang='lat' dir='ltr'>Gr</span> 
     </span>
     <span class='ocr_line' id='line_1_45' title="bbox 280 2552 915 2590; baseline 0.002 -8"><span class='ocrx_word' id='word_1_287' title='bbox 280 2553 312 2590; x_wconf 66' lang='grc' dir='ltr'>ς.</span> <span class='ocrx_word' id='word_1_288' title='bbox 350 2553 428 2582; x_wconf 84' lang='grc'><strong>473.</strong></span> <span class='ocrx_word' id='word_1_289' title='bbox 457 2560 536 2582; x_wconf 84' lang='lat' dir='ltr'>ann.</span> <span class='ocrx_word' id='word_1_290' title='bbox 558 2553 590 2583; x_wconf 83' lang='lat'>2.</span> <span class='ocrx_word' id='word_1_291' title='bbox 615 2553 707 2583; x_wconf 80' lang='lat' dir='ltr'>conf.</span> <span class='ocrx_word' id='word_1_292' title='bbox 732 2556 849 2582; x_wconf 83' lang='lat' dir='ltr'>nostra</span> <span class='ocrx_word' id='word_1_293' title='bbox 872 2552 915 2583; x_wconf 80' lang='lat' dir='ltr'>ml</span> 
     </span>
     <span class='ocr_line' id='line_1_46' title="bbox 278 2596 913 2634; baseline -0.002 -6"><span class='ocrx_word' id='word_1_294' title='bbox 278 2596 483 2634; x_wconf 75' lang='lat' dir='ltr'>Euthydem.</span> <span class='ocrx_word' id='word_1_295' title='bbox 512 2604 546 2634; x_wconf 84' lang='lat' dir='ltr'>p.</span> <span class='ocrx_word' id='word_1_296' title='bbox 581 2598 657 2629; x_wconf 86' lang='grc'><strong>272.</strong></span> <span class='ocrx_word' id='word_1_297' title='bbox 691 2598 732 2630; x_wconf 76' lang='lat' dir='ltr'>A.</span> <span class='ocrx_word' id='word_1_298' title='bbox 772 2598 913 2628; x_wconf 75' lang='lat' dir='ltr'>Laclict.</span> 
     </span>
     <span class='ocr_line' id='line_1_47' title="bbox 279 2642 914 2680; baseline -0.002 -8"><span class='ocrx_word' id='word_1_299' title='bbox 279 2651 312 2680; x_wconf 87' lang='lat' dir='ltr'>p.</span> <span class='ocrx_word' id='word_1_300' title='bbox 349 2643 422 2672; x_wconf 81' lang='lat'><strong>180.</strong></span> <span class='ocrx_word' id='word_1_301' title='bbox 457 2642 497 2671; x_wconf 90' lang='lat' dir='ltr'>D.</span> <span class='ocrx_word' id='word_1_302' title='bbox 556 2643 712 2671; x_wconf 82' lang='lat' dir='ltr'>Ceterum</span> <span class='ocrx_word' id='word_1_303' title='bbox 744 2642 825 2672; x_wconf 76' lang='lat' dir='ltr'>haec</span> <span class='ocrx_word' id='word_1_304' title='bbox 858 2643 914 2680; x_wconf 86' lang='lat' dir='ltr'>pi-</span> 
     </span>
     <span class='ocr_line' id='line_1_48' title="bbox 279 2685 914 2727; baseline 0.002 -9"><span class='ocrx_word' id='word_1_305' title='bbox 279 2690 377 2718; x_wconf 83' lang='lat' dir='ltr'>ctura</span> <span class='ocrx_word' id='word_1_306' title='bbox 399 2685 548 2718; x_wconf 83' lang='lat' dir='ltr'>hominis</span> <span class='ocrx_word' id='word_1_307' title='bbox 572 2689 624 2717; x_wconf 74' lang='lat' dir='ltr'>est</span> <span class='ocrx_word' id='word_1_308' title='bbox 648 2686 776 2727; x_wconf 86' lang='lat' dir='ltr'>mollis,</span> <span class='ocrx_word' id='word_1_309' title='bbox 800 2687 914 2719; x_wconf 76' lang='lat' dir='ltr'>nasuti</span> 
     </span>
    </p>
   </div>
   <div class='ocr_carea' id='block_1_6' title="bbox 966 1427 1624 2729">
    <p class='ocr_par' dir='ltr' id='par_1_8' title="bbox 969 1427 1624 2095">
     <span class='ocr_line' id='line_1_49' title="bbox 972 1427 1605 1469; baseline -0.003 -9"><span class='ocrx_word' id='word_1_310' title='bbox 972 1431 1007 1460; x_wconf 85' lang='lat' dir='ltr'>et</span> <span class='ocrx_word' id='word_1_311' title='bbox 1044 1429 1252 1469; x_wconf 78' lang='lat' dir='ltr'>arrogantis.</span> <span class='ocrx_word' id='word_1_312' title='bbox 1318 1430 1403 1464; x_wconf 79' lang='lat' dir='ltr'>Nam</span> <span class='ocrx_word' id='word_1_313' title='bbox 1450 1427 1605 1458; x_wconf 76' lang='lat' dir='ltr'>homines</span> 
     </span>
     <span class='ocr_line' id='line_1_50' title="bbox 972 1474 1605 1513; baseline 0 -9"><span class='ocrx_word' id='word_1_314' title='bbox 972 1476 1157 1513; x_wconf 74' lang='lat' dir='ltr'>promissae</span> <span class='ocrx_word' id='word_1_315' title='bbox 1204 1477 1239 1505; x_wconf 84' lang='lat' dir='ltr'>et</span> <span class='ocrx_word' id='word_1_316' title='bbox 1286 1474 1446 1512; x_wconf 81' lang='lat' dir='ltr'>prolixae</span> <span class='ocrx_word' id='word_1_317' title='bbox 1487 1482 1605 1504; x_wconf 82' lang='lat' dir='ltr'>comae</span> 
     </span>
     <span class='ocr_line' id='line_1_51' title="bbox 972 1518 1607 1559; baseline -0.008 -7"><span class='ocrx_word' id='word_1_318' title='bbox 972 1520 1182 1552; x_wconf 75' lang='lat' dir='ltr'>habebantur</span> <span class='ocrx_word' id='word_1_319' title='bbox 1206 1519 1327 1550; x_wconf 87' lang='lat' dir='ltr'>molles</span> <span class='ocrx_word' id='word_1_320' title='bbox 1351 1522 1385 1549; x_wconf 84' lang='lat' dir='ltr'>ct</span> <span class='ocrx_word' id='word_1_321' title='bbox 1410 1518 1607 1559; x_wconf 82' lang='lat' dir='ltr'>effeminati,</span> 
     </span>
     <span class='ocr_line' id='line_1_52' title="bbox 973 1563 1607 1603; baseline -0.005 -8"><span class='ocrx_word' id='word_1_322' title='bbox 973 1565 1008 1595; x_wconf 85' lang='lat' dir='ltr'>id</span> <span class='ocrx_word' id='word_1_323' title='bbox 1039 1566 1127 1603; x_wconf 84' lang='lat' dir='ltr'>quod</span> <span class='ocrx_word' id='word_1_324' title='bbox 1163 1563 1412 1595; x_wconf 83' lang='lat' dir='ltr'>Salmasius</span> <span class='ocrx_word' id='word_1_325' title='bbox 1447 1563 1486 1592; x_wconf 84' lang='lat' dir='ltr'>de</span> <span class='ocrx_word' id='word_1_326' title='bbox 1520 1565 1607 1593; x_wconf 84' lang='lat' dir='ltr'>Cae-</span> 
     </span>
     <span class='ocr_line' id='line_1_53' title="bbox 975 1608 1604 1641; baseline -0.006 -1"><span class='ocrx_word' id='word_1_327' title='bbox 975 1611 1066 1641; x_wconf 80' lang='lat' dir='ltr'>sarie</span> <span class='ocrx_word' id='word_1_328' title='bbox 1105 1610 1258 1640; x_wconf 84' lang='lat' dir='ltr'>Virorum</span> <span class='ocrx_word' id='word_1_329' title='bbox 1299 1611 1332 1638; x_wconf 87' lang='lat' dir='ltr'>et</span> <span class='ocrx_word' id='word_1_330' title='bbox 1371 1608 1527 1638; x_wconf 77' lang='lat' dir='ltr'>Iunius</span> <span class='ocrx_word' id='word_1_331' title='bbox 1563 1608 1604 1637; x_wconf 84' lang='lat' dir='ltr'>de</span> 
     </span>
     <span class='ocr_line' id='line_1_54' title="bbox 973 1646 1606 1685; baseline -0.002 -1"><span class='ocrx_word' id='word_1_332' title='bbox 973 1655 1013 1684; x_wconf 84' lang='lat' dir='ltr'>de</span> <span class='ocrx_word' id='word_1_333' title='bbox 1045 1657 1147 1684; x_wconf 85' lang='lat' dir='ltr'>Coma</span> <span class='ocrx_word' id='word_1_334' title='bbox 1182 1664 1211 1685; x_wconf 92' lang='lat' dir='ltr'>c.</span> <span class='ocrx_word' id='word_1_335' title='bbox 1237 1656 1269 1683; x_wconf 74' lang='lat'>4.</span> <span class='ocrx_word' id='word_1_336' title='bbox 1300 1653 1498 1682; x_wconf 83' lang='lat' dir='ltr'>docuerunt.</span> <span class='ocrx_word' id='word_1_337' title='bbox 1546 1646 1606 1683; x_wconf 76' lang='grc' dir='ltr'>Οὔ</span> 
     </span>
     <span class='ocr_line' id='line_1_55' title="bbox 970 1694 1602 1739; baseline -0.006 -9"><span class='ocrx_word' id='word_1_338' title='bbox 970 1695 1082 1730; x_wconf 84' lang='grc' dir='ltr'>πάνυ</span> <span class='ocrx_word' id='word_1_339' title='bbox 1129 1694 1356 1739; x_wconf 74' lang='grc' dir='ltr'>εὔγένειος</span> <span class='ocrx_word' id='word_1_340' title='bbox 1395 1701 1507 1727; x_wconf 87' lang='lat' dir='ltr'>autem</span> <span class='ocrx_word' id='word_1_341' title='bbox 1559 1697 1602 1726; x_wconf 83' lang='lat' dir='ltr'>ad</span> 
     </span>
     <span class='ocr_line' id='line_1_56' title="bbox 969 1742 1604 1781; baseline -0.002 -8"><span class='ocrx_word' id='word_1_342' title='bbox 969 1743 1178 1774; x_wconf 78' lang='lat' dir='ltr'>iuventutem</span> <span class='ocrx_word' id='word_1_343' title='bbox 1196 1742 1312 1773; x_wconf 85' lang='lat' dir='ltr'>Meleti</span> <span class='ocrx_word' id='word_1_344' title='bbox 1331 1742 1493 1781; x_wconf 79' lang='lat' dir='ltr'>pertinet,</span> <span class='ocrx_word' id='word_1_345' title='bbox 1517 1750 1604 1778; x_wconf 82' lang='lat' dir='ltr'>quae</span> 
     </span>
     <span class='ocr_line' id='line_1_57' title="bbox 970 1787 1603 1826; baseline -0.003 -7"><span class='ocrx_word' id='word_1_346' title='bbox 970 1789 1124 1826; x_wconf 82' lang='lat' dir='ltr'>carpitur</span> <span class='ocrx_word' id='word_1_347' title='bbox 1158 1789 1262 1818; x_wconf 78' lang='lat' dir='ltr'>etiam</span> <span class='ocrx_word' id='word_1_348' title='bbox 1295 1787 1435 1826; x_wconf 85' lang='lat' dir='ltr'>Apolog.</span> <span class='ocrx_word' id='word_1_349' title='bbox 1470 1788 1603 1817; x_wconf 77' lang='lat' dir='ltr'>socrat.</span> 
     </span>
     <span class='ocr_line' id='line_1_58' title="bbox 970 1832 1602 1873; baseline -0.006 -9"><span class='ocrx_word' id='word_1_350' title='bbox 970 1843 1002 1873; x_wconf 82' lang='lat' dir='ltr'>p.</span> <span class='ocrx_word' id='word_1_351' title='bbox 1032 1836 1085 1864; x_wconf 86' lang='grc'>25.</span> <span class='ocrx_word' id='word_1_352' title='bbox 1118 1834 1158 1864; x_wconf 84' lang='grc' dir='ltr'>Ε.</span> <span class='ocrx_word' id='word_1_353' title='bbox 1191 1834 1225 1863; x_wconf 84' lang='lat' dir='ltr'>et</span> <span class='ocrx_word' id='word_1_354' title='bbox 1258 1834 1313 1865; x_wconf 75' lang='lat'>26.</span> <span class='ocrx_word' id='word_1_355' title='bbox 1357 1832 1418 1871; x_wconf 84' lang='lat' dir='ltr'>E.,</span> <span class='ocrx_word' id='word_1_356' title='bbox 1451 1832 1602 1868; x_wconf 80' lang='lat' dir='ltr'>adeoque</span> 
     </span>
     <span class='ocr_line' id='line_1_59' title="bbox 972 1876 1602 1917; baseline -0.005 -9"><span class='ocrx_word' id='word_1_357' title='bbox 972 1879 1046 1908; x_wconf 81' lang='lat' dir='ltr'>eius</span> <span class='ocrx_word' id='word_1_358' title='bbox 1072 1878 1187 1917; x_wconf 81' lang='lat' dir='ltr'>arguit</span> <span class='ocrx_word' id='word_1_359' title='bbox 1210 1878 1245 1908; x_wconf 93' lang='lat' dir='ltr'>in</span> <span class='ocrx_word' id='word_1_360' title='bbox 1270 1877 1456 1907; x_wconf 78' lang='lat' dir='ltr'>accusando</span> <span class='ocrx_word' id='word_1_361' title='bbox 1481 1876 1602 1906; x_wconf 78' lang='lat' dir='ltr'>levita-</span> 
     </span>
     <span class='ocr_line' id='line_1_60' title="bbox 972 1922 1602 1961; baseline 0 -9"><span class='ocrx_word' id='word_1_362' title='bbox 972 1925 1038 1953; x_wconf 87' lang='lat' dir='ltr'>tem</span> <span class='ocrx_word' id='word_1_363' title='bbox 1084 1926 1118 1953; x_wconf 82' lang='lat' dir='ltr'>et</span> <span class='ocrx_word' id='word_1_364' title='bbox 1163 1922 1397 1961; x_wconf 84' lang='lat' dir='ltr'>petulantiam.</span> <span class='ocrx_word' id='word_1_365' title='bbox 1449 1922 1602 1959; x_wconf 87' lang='lat' dir='ltr'>Denique</span> 
     </span>
     <span class='ocr_line' id='line_1_61' title="bbox 971 1960 1624 2008; baseline -0.005 -10"><span class='ocrx_word' id='word_1_366' title='bbox 971 1967 1146 2008; x_wconf 74' lang='grc' dir='ltr'>ἔπίγρυποι</span> <span class='ocrx_word' id='word_1_367' title='bbox 1170 1969 1378 2006; x_wconf 86' lang='lat' dir='ltr'>putabantur</span> <span class='ocrx_word' id='word_1_368' title='bbox 1409 1966 1601 2005; x_wconf 71' lang='lat' dir='ltr'>pertinace·</span> <span class='ocrx_word' id='word_1_369' title='bbox 1621 1960 1624 1964; x_wconf 70' lang='grc'><strong>’</strong></span> 
     </span>
     <span class='ocr_line' id='line_1_62' title="bbox 971 2012 1602 2053; baseline -0.003 -10"><span class='ocrx_word' id='word_1_370' title='bbox 971 2016 1007 2043; x_wconf 87' lang='lat' dir='ltr'>et</span> <span class='ocrx_word' id='word_1_371' title='bbox 1031 2016 1251 2053; x_wconf 76' lang='lat' dir='ltr'>arrogantes,</span> <span class='ocrx_word' id='word_1_372' title='bbox 1275 2012 1308 2042; x_wconf 83' lang='lat' dir='ltr'>id</span> <span class='ocrx_word' id='word_1_373' title='bbox 1333 2012 1421 2050; x_wconf 87' lang='lat' dir='ltr'>quod</span> <span class='ocrx_word' id='word_1_374' title='bbox 1458 2013 1602 2042; x_wconf 78' lang='lat' dir='ltr'>testatur</span> 
     </span>
     <span class='ocr_line' id='line_1_63' title="bbox 969 2058 1468 2095; baseline -0.004 -7"><span class='ocrx_word' id='word_1_375' title='bbox 969 2058 1066 2088; x_wconf 76' lang='lat' dir='ltr'>locus</span> <span class='ocrx_word' id='word_1_376' title='bbox 1089 2058 1185 2095; x_wconf 86' lang='lat' dir='ltr'>Reip.</span> <span class='ocrx_word' id='word_1_377' title='bbox 1209 2059 1248 2089; x_wconf 89' lang='lat' dir='ltr'>V.</span> <span class='ocrx_word' id='word_1_378' title='bbox 1274 2067 1306 2095; x_wconf 83' lang='lat' dir='ltr'>p.</span> <span class='ocrx_word' id='word_1_379' title='bbox 1331 2058 1407 2087; x_wconf 82' lang='grc'><strong>474.</strong></span> <span class='ocrx_word' id='word_1_380' title='bbox 1433 2058 1468 2087; x_wconf 87' lang='lat' dir='ltr'>C.</span> 
     </span>
    </p>

    <p class='ocr_par' dir='ltr' id='par_1_9' title="bbox 966 2097 1603 2590">
     <span class='ocr_line' id='line_1_64' title="bbox 1015 2097 1602 2154; baseline -0.007 -20"><span class='ocrx_word' id='word_1_381' title='bbox 1015 2105 1054 2134; x_wconf 86' lang='lat' dir='ltr'>C.</span> <span class='ocrx_word' id='word_1_382' title='bbox 1125 2099 1202 2133; x_wconf 77' lang='grc' dir='ltr'>οὐκ</span> <span class='ocrx_word' id='word_1_383' title='bbox 1256 2097 1431 2143; x_wconf 75' lang='grc' dir='ltr'>ἀγεννῆ,</span> <span class='ocrx_word' id='word_1_384' title='bbox 1483 2099 1602 2154; x_wconf 71' lang='grc' dir='ltr'>ἔμοι-</span> 
     </span>
     <span class='ocr_line' id='line_1_65' title="bbox 966 2141 1602 2200; baseline -0.006 -21"><span class='ocrx_word' id='word_1_385' title='bbox 966 2157 1011 2200; x_wconf 77' lang='grc' dir='ltr'>γε</span> <span class='ocrx_word' id='word_1_386' title='bbox 1050 2146 1103 2189; x_wconf 60' lang='lat' dir='ltr'>az]</span> <span class='ocrx_word' id='word_1_387' title='bbox 1160 2148 1371 2185; x_wconf 86' lang='lat' dir='ltr'>lntelligitur</span> <span class='ocrx_word' id='word_1_388' title='bbox 1397 2142 1510 2187; x_wconf 77' lang='grc' dir='ltr'>γραφὴ</span> <span class='ocrx_word' id='word_1_389' title='bbox 1542 2141 1602 2176; x_wconf 75' lang='grc' dir='ltr'>οὐκ</span> 
     </span>
     <span class='ocr_line' id='line_1_66' title="bbox 966 2189 1602 2234; baseline -0.003 -12"><span class='ocrx_word' id='word_1_390' title='bbox 966 2189 1101 2234; x_wconf 73' lang='grc' dir='ltr'>ἀγεννὴς</span> <span class='ocrx_word' id='word_1_391' title='bbox 1132 2193 1302 2222; x_wconf 77' lang='lat' dir='ltr'>accusatio</span> <span class='ocrx_word' id='word_1_392' title='bbox 1334 2192 1408 2221; x_wconf 84' lang='lat' dir='ltr'>viro</span> <span class='ocrx_word' id='word_1_393' title='bbox 1434 2199 1602 2229; x_wconf 79' lang='lat' dir='ltr'>generoso</span> 
     </span>
     <span class='ocr_line' id='line_1_67' title="bbox 968 2237 1603 2276; baseline -0.005 -8"><span class='ocrx_word' id='word_1_394' title='bbox 968 2247 1036 2268; x_wconf 86' lang='lat' dir='ltr'>non</span> <span class='ocrx_word' id='word_1_395' title='bbox 1068 2238 1226 2276; x_wconf 77' lang='lat' dir='ltr'>indigna:</span> <span class='ocrx_word' id='word_1_396' title='bbox 1264 2237 1353 2274; x_wconf 88' lang='lat' dir='ltr'>quod</span> <span class='ocrx_word' id='word_1_397' title='bbox 1379 2239 1517 2274; x_wconf 83' lang='lat' dir='ltr'>apparet</span> <span class='ocrx_word' id='word_1_398' title='bbox 1543 2245 1603 2266; x_wconf 83' lang='lat' dir='ltr'>ur-</span> 
     </span>
     <span class='ocr_line' id='line_1_68' title="bbox 968 2280 1602 2314; baseline -0.006 0"><span class='ocrx_word' id='word_1_399' title='bbox 968 2284 1056 2314; x_wconf 80' lang='lat' dir='ltr'>bana</span> <span class='ocrx_word' id='word_1_400' title='bbox 1083 2292 1157 2313; x_wconf 91' lang='lat' dir='ltr'>cum</span> <span class='ocrx_word' id='word_1_401' title='bbox 1184 2282 1344 2313; x_wconf 83' lang='lat' dir='ltr'>irrisione</span> <span class='ocrx_word' id='word_1_402' title='bbox 1375 2281 1451 2310; x_wconf 83' lang='lat' dir='ltr'>dici.</span> <span class='ocrx_word' id='word_1_403' title='bbox 1498 2280 1602 2311; x_wconf 91' lang='lat' dir='ltr'>Simi-</span> 
     </span>
     <span class='ocr_line' id='line_1_69' title="bbox 966 2321 1599 2367; baseline -0.008 -9"><span class='ocrx_word' id='word_1_404' title='bbox 966 2328 1047 2358; x_wconf 87' lang='lat' dir='ltr'>liter</span> <span class='ocrx_word' id='word_1_405' title='bbox 1087 2327 1207 2358; x_wconf 81' lang='lat' dir='ltr'>deinde</span> <span class='ocrx_word' id='word_1_406' title='bbox 1251 2322 1291 2358; x_wconf 77' lang='grc' dir='ltr'>οὔ</span> <span class='ocrx_word' id='word_1_407' title='bbox 1332 2321 1463 2367; x_wconf 79' lang='grc' dir='ltr'>φαῦλόν</span> <span class='ocrx_word' id='word_1_408' title='bbox 1498 2325 1599 2365; x_wconf 75' lang='grc' dir='ltr'>ἔστιν,</span> 
     </span>
     <span class='ocr_line' id='line_1_70' title="bbox 967 2372 1601 2411; baseline -0.005 -9"><span class='ocrx_word' id='word_1_409' title='bbox 967 2373 1076 2403; x_wconf 83' lang='lat' dir='ltr'>haud</span> <span class='ocrx_word' id='word_1_410' title='bbox 1122 2381 1293 2411; x_wconf 82' lang='lat' dir='ltr'>parvum</span> <span class='ocrx_word' id='word_1_411' title='bbox 1333 2374 1374 2401; x_wconf 82' lang='lat' dir='ltr'>et</span> <span class='ocrx_word' id='word_1_412' title='bbox 1414 2372 1601 2400; x_wconf 83' lang='lat' dir='ltr'>contem-</span> 
     </span>
     <span class='ocr_line' id='line_1_71' title="bbox 969 2415 1599 2469; baseline -0.005 -21"><span class='ocrx_word' id='word_1_413' title='bbox 969 2417 1152 2448; x_wconf 88' lang='lat' dir='ltr'>nendum</span> <span class='ocrx_word' id='word_1_414' title='bbox 1192 2416 1339 2469; x_wconf 64' lang='lat' dir='ltr'>putarj</span> <span class='ocrx_word' id='word_1_415' title='bbox 1381 2415 1526 2454; x_wconf 85' lang='lat' dir='ltr'>debet,</span> <span class='ocrx_word' id='word_1_416' title='bbox 1567 2415 1599 2446; x_wconf 87' lang='lat' dir='ltr'>h.</span> 
     </span>
     <span class='ocr_line' id='line_1_72' title="bbox 970 2461 1600 2507; baseline -0.005 -15"><span class='ocrx_word' id='word_1_417' title='bbox 970 2471 1000 2507; x_wconf 73' lang='lat' dir='ltr'>e:</span> <span class='ocrx_word' id='word_1_418' title='bbox 1029 2462 1164 2501; x_wconf 81' lang='lat' dir='ltr'>signum</span> <span class='ocrx_word' id='word_1_419' title='bbox 1189 2462 1300 2499; x_wconf 76' lang='lat' dir='ltr'>magni</span> <span class='ocrx_word' id='word_1_420' title='bbox 1320 2461 1449 2500; x_wconf 88' lang='lat' dir='ltr'>ingenii</span> <span class='ocrx_word' id='word_1_421' title='bbox 1465 2462 1498 2490; x_wconf 84' lang='lat' dir='ltr'>et</span> <span class='ocrx_word' id='word_1_422' title='bbox 1517 2469 1600 2489; x_wconf 85' lang='lat' dir='ltr'>ucu-</span> 
     </span>
     <span class='ocr_line' id='line_1_73' title="bbox 970 2501 1599 2538; baseline -0.003 -1"><span class='ocrx_word' id='word_1_423' title='bbox 970 2501 1072 2538; x_wconf 79' lang='lat' dir='ltr'>minis</span> <span class='ocrx_word' id='word_1_424' title='bbox 1111 2509 1173 2537; x_wconf 74' lang='lat' dir='ltr'>est.</span> <span class='ocrx_word' id='word_1_425' title='bbox 1232 2509 1318 2537; x_wconf 85' lang='lat' dir='ltr'>Nam</span> <span class='ocrx_word' id='word_1_426' title='bbox 1355 2506 1448 2536; x_wconf 82' lang='lat' dir='ltr'>inest</span> <span class='ocrx_word' id='word_1_427' title='bbox 1480 2505 1518 2535; x_wconf 86' lang='lat' dir='ltr'>in</span> <span class='ocrx_word' id='word_1_428' title='bbox 1548 2504 1599 2535; x_wconf 77' lang='lat' dir='ltr'>his</span> 
     </span>
     <span class='ocr_line' id='line_1_74' title="bbox 969 2551 1387 2590; baseline -0.005 -8"><span class='ocrx_word' id='word_1_429' title='bbox 969 2560 1103 2590; x_wconf 86' lang='lat' dir='ltr'>quoque</span> <span class='ocrx_word' id='word_1_430' title='bbox 1126 2551 1236 2582; x_wconf 80' lang='lat' dir='ltr'>verbis</span> <span class='ocrx_word' id='word_1_431' title='bbox 1260 2552 1387 2583; x_wconf 84' lang='lat' dir='ltr'>litotes.</span> 
     </span>
    </p>

    <p class='ocr_par' dir='ltr' id='par_1_10' title="bbox 969 2587 1602 2729">
     <span class='ocr_line' id='line_1_75' title="bbox 1004 2587 1601 2649; baseline -0.007 -21.925"><span class='ocrx_word' id='word_1_432' title='bbox 1004 2593 1144 2649; x_wconf 80' lang='grc' dir='ltr'>ὥςπερ</span> <span class='ocrx_word' id='word_1_433' title='bbox 1168 2592 1273 2637; x_wconf 81' lang='grc' dir='ltr'>πρὸς</span> <span class='ocrx_word' id='word_1_434' title='bbox 1295 2587 1468 2639; x_wconf 74' lang='grc' dir='ltr'>μητέρα</span> <span class='ocrx_word' id='word_1_435' title='bbox 1489 2588 1601 2636; x_wconf 81' lang='grc' dir='ltr'>πρὸς</span> 
     </span>
     <span class='ocr_line' id='line_1_76' title="bbox 969 2637 1602 2681; baseline -0.008 -9"><span class='ocrx_word' id='word_1_436' title='bbox 969 2637 1044 2681; x_wconf 80' lang='grc' dir='ltr'>τὴν</span> <span class='ocrx_word' id='word_1_437' title='bbox 1088 2638 1221 2671; x_wconf 82' lang='grc' dir='ltr'>πόλιν</span> <span class='ocrx_word' id='word_1_438' title='bbox 1309 2640 1477 2672; x_wconf 75' lang='lat' dir='ltr'>Usitatius</span> <span class='ocrx_word' id='word_1_439' title='bbox 1518 2647 1602 2668; x_wconf 79' lang='lat' dir='ltr'>sane</span> 
     </span>
     <span class='ocr_line' id='line_1_77' title="bbox 969 2679 1601 2729; baseline -0.005 -10"><span class='ocrx_word' id='word_1_440' title='bbox 969 2687 1036 2720; x_wconf 81' lang='lat' dir='ltr'>fuit</span> <span class='ocrx_word' id='word_1_441' title='bbox 1067 2686 1182 2718; x_wconf 81' lang='lat' dir='ltr'>dicere</span> <span class='ocrx_word' id='word_1_442' title='bbox 1216 2696 1318 2729; x_wconf 78' lang='grc' dir='ltr'>ωςπερ</span> <span class='ocrx_word' id='word_1_443' title='bbox 1356 2679 1442 2728; x_wconf 78' lang='grc' dir='ltr'>πρὸς</span> <span class='ocrx_word' id='word_1_444' title='bbox 1467 2683 1601 2729; x_wconf 75' lang='grc' dir='ltr'>μητέρα</span> 
     </span>
    </p>
   </div>
  </div>
 </body>
</html>
