1624 2904
250 153 332 194 un
372 132 801 191 un'rnro'amo
850 146 1198 191 ramosis,
1340 147 1398 186 13

55 271 286 319 rideantur,
330 268 465 306 tamen
498 262 618 308 huius
655 263 817 302 artificii
855 262 1238 316 commemoratione
1281 260 1400 300 simul

58 329 292 381 magistrum
324 336 463 362 eorum
496 324 616 373 atque
643 320 809 370 ducem,
849 322 916 373 qui
947 326 991 359 et
1018 321 1108 371 ipse
1137 320 1235 359 artis
1255 319 1401 358 *athle-

57 387 163 426 ticae
201 396 281 424 non
321 381 470 420 fuisset
497 379 734 430 imperitus,
779 390 858 417 non
898 379 985 417 sine
1015 378 1182 429 quadam
1212 377 1400 416 irrisione

60 441 276 495 significari
306 439 421 478 nobis
449 437 567 489 plane
598 437 886 488 persuasimus.
944 435 1021 474 His
1049 435 1208 474 accedit
1235 435 1404 474 tertium

61 501 263 553 quiddam,
294 496 399 549 quod
427 495 611 534 homines
629 494 759 532 fuisse
780 493 1054 545 Protagoreos
1084 493 1228 544 arguit.
1286 490 1405 542 Quod

62 559 166 597 enim
205 562 380 606 uterque
430 557 613 591 narratur
648 557 812 603 praeter
850 550 1075 589 disserendi
1114 556 1243 588 artem
1283 550 1404 588 etiam

61 615 282 655 forensium
323 611 546 649 orationum
587 610 847 659 scriptionem
884 608 1096 661 calluisse,
1146 607 1186 646 id
1236 619 1405 657 prorsus

61 668 400 711 accommodatum
431 672 496 705 est
523 666 571 704 ad
603 666 850 718 disciplinam
883 665 1152 717 Protagorae,
1190 676 1307 714 quem
1339 677 1410 701 an-

60 733 130 768 tea
159 727 327 765 xidimus
354 725 394 764 in
426 737 475 763 eo
506 724 799 772 elaboravisse,
838 727 883 761 ut
911 729 1038 762 artem
1065 723 1328 773 sophisticam
1359 721 1409 759 ad

61 785 269 824 forensem
309 782 522 821 dictionem
565 781 810 821 traduceret.
867 780 998 819 Huius
1040 781 1162 831 igitur
1190 779 1411 817 auctorita-

61 846 145 881 tem
171 841 333 892 sequuti
372 839 433 878 illi
462 839 582 877 etiam
616 838 761 877 iudicia
789 838 972 876 acumine
1001 838 1159 877 scilicet
1189 849 1262 875 suo
1286 843 1411 887 atque

61 899 222 951 ingenio
259 889 485 936 illuminare
523 897 657 935 conati
687 899 792 936 sunt.
852 895 1071 934 Praeterea
1100 895 1168 946 qui
1198 894 1313 932 locus
1340 906 1412 932 ve-

62 956 278 996 hementer
320 954 443 993 torsit
479 953 684 992 hominum
710 953 939 992 doctorum
982 953 1142 1005 ingenia
1178 951 1349 990 necdum
1387 963 1412 990 a

63 1025 261 1066 quoquam
291 1005 389 1050 satis
419 1010 659 1050 dilucidatas
690 1014 778 1058 est,
818 1023 909 1063 pag.
940 1009 1035 1052 293.
1069 1010 1134 1058 A.,
1163 1010 1199 1048 is
1229 1009 1414 1047 clarissi-

34 1083 168 1111 ‘mam
205 1069 353 1121 accipit
384 1068 539 1114 lucem,
577 1069 646 1107 ubi
674 1068 976 1119 Euthydemum
1014 1071 1057 1106 et
1085 1066 1412 1118 Dionysodorum

62 1127 168 1166 fidos
205 1126 456 1177 Protagorae
503 1126 723 1176 discipulos
772 1126 903 1164 fnisse
949 1125 1225 1164 sumserimus.
1294 1122 1412 1173 Quod

64 1185 170 1224 enim
200 1183 389 1222 Socrates
427 1182 482 1221 ibi
523 1183 728 1234 sophistas
758 1183 1005 1234 interrogat,
1044 1183 1152 1221 sitne
1192 1194 1257 1220 ars
1286 1181 1413 1232 regia,

65 1254 143 1294 qua
170 1241 298 1279 virtus
328 1253 374 1278 ac
403 1241 599 1291 sapientia
627 1240 869 1288 absolvatur,
900 1241 951 1278 ob
969 1237 1119 1279 ‘oculos
1147 1239 1288 1278 habuit
1316 1250 1414 1290 pro-

63 1298 130 1337 cul
167 1297 287 1336 dubio
325 1297 575 1348 Protagorae
613 1298 823 1335 decretum
864 1297 1087 1348 quoddam,
1128 1297 1180 1334 (le
1220 1307 1298 1347 quo
1326 1307 1414 1348 ⁴po-

66 1360 156 1394 stea
183 1356 223 1392 in
253 1355 474 1405 argumenti
505 1355 756 1392 enarratione
771 1355 942 1395 dicetur.
1000 1354 1101 1392 Nam
1131 1354 1277 1392 iniecta
1296 1352 1416 1391 huius

66 1411 291 1452 sententiae
328 1412 530 1449 mentione
572 1410 755 1450 homines
794 1412 844 1450 ab
872 1412 979 1450 inani
1008 1412 1250 1462 argutiarum
1282 1410 1416 1449 studio

67 1467 212 1508 callide
245 1467 458 1516 traducere
488 1473 657 1506 conatur
694 1468 744 1505 ad
783 1481 964 1507 severam
1003 1480 1245 1519 gravemque
1285 1467 1417 1506 ‹lisse-

66 1524 181 1566 rendi
209 1525 419 1571 rationem,
449 1524 644 1576 siquidem
673 1526 729 1563 ita
758 1524 940 1564 futurum
974 1538 1067 1563 esse
1096 1529 1249 1577 sperat,
1279 1529 1325 1563 ut
1354 1525 1427 1565 illi.

67 1581 228 1622 tandem
267 1581 476 1633 aliquando
514 1582 648 1621 missis
687 1582 852 1634 ineptiis
890 1583 973 1621 suis
1005 1583 1188 1634 magistri
1216 1583 1416 1622 rationem

69 1639 362 1678 defendendam
394 1640 626 1690 suscipiant.
658 1646 666 1653 ‘
685 1639 815 1678 Porro
846 1654 885 1692 p.
916 1640 1000 1678 286
1021 1654 1107 1691 sqq.
1139 1653 1267 1692 usque
1297 1641 1345 1678 ad
1377 1653 1415 1692 p.

69 1697 168 1736 28⁵3.
198 1695 331 1734 dedita
366 1708 490 1747 opera
519 1710 539 1734 a
571 1696 739 1735 Socrate
769 1696 974 1736 refutatur
1003 1699 1204 1736 sententia
1245 1697 1315 1735 illa
1344 1709 1418 1736 no·

68 1754 262 1794 bilissima
290 1752 642 1805 Protagoreorum,
673 1768 750 1806 qua
778 1756 905 1793 omnis
935 1755 1199 1794 dissentiendi
1218 1755 1419 1793 refellen-

71 1811 190 1862 dique
219 1810 390 1864 facultas
419 1811 661 1860 tollebatur,
700 1813 756 1853 ita
787 1813 969 1864 quidem,
999 1818 1045 1851 ut
1071 1813 1232 1851 illorum
1264 1813 1418 1851 diserte

72 1869 224 1908 mentio
253 1868 470 1916 iniiciatur3
501 1868 606 1919 quod
637 1870 725 1920 quis
756 1874 820 1908 est
849 1870 916 1921 qui
945 1870 1021 1909 sibi
1050 1870 1106 1909 ita
1135 1871 1225 1909 fieri
1250 1883 1419 1921 persua-

74 1925 190 1973 deat,
220 1925 296 1964 nisi
325 1924 604 1976 Euthydemus
636 1932 679 1965 et
708 1926 1010 1978 Dionysodorus
1042 1933 1084 1966 et
1112 1929 1191 1978 ipsi
1219 1927 1420 1979 Profago-

75 1995 146 2021 rae
174 1983 369 2020 rationem
409 1983 621 2034 amplexati
657 1983 864 2026 fuissent?
922 1984 1026 2033 Quid
1057 1985 1162 2037 quod
1193 1985 1312 2023 etiam
1344 1986 1420 2023 alia

77 2038 268 2091 quaedam
300 2035 462 2078 decreta
490 2041 539 2079 iis
569 2041 812 2089 tribuuntur,
841 2042 963 2080 veluti
994 2056 1034 2095 p.
1066 2042 1151 2081 233
1172 2055 1286 2093 ειμι)
1323 2043 1421 2083 285.

75 2108 116 2148 p.
147 2096 231 2135 293
261 2109 320 2147 sq.
352 2109 472 2147 quae,
501 2098 605 2136 sicut.
632 2104 774 2149 postea
803 2098 1060 2145 docebimus,
1092 2113 1139 2137 ex
1170 2100 1421 2150 Protagorae

79 2153 267 2208 doctrina·
297 2159 513 2193 manarunt.
580 2154 762 2206 Denique
804 2157 883 2195 hoc
913 2158 1163 2208 potissimum
1194 2170 1318 2208 genus
1350 2170 1422 2194 so-

79 2210 328 2262 phistarum„
369 2211 473 2262 quod
509 2211 770 2264 Protagoram
811 2215 1063 2262 sectabatur,
1106 2216 1265 2254 Socrati
1297 2216 1422 2253 maxi-

80 2280 184 2306 mam
212 2267 372 2310 videtur
399 2268 580 2309 invidiam
611 2275 731 2321 atque
760 2271 893 2310 odium
925 2272 1187 2320 conflavisse,
1221 2272 1325 2311 unde
1355 2272 1421 2312 fa-

82 2329 191 2365 ctum
222 2329 310 2372 est,
349 2327 395 2362 ut
423 2326 483 2364 vir
511 2328 684 2377 optimus
712 2328 777 2367 vel
798 2343 831 2382 &a
859 2330 994 2380 poetis
1029 2330 1192 2368 comicis
1222 2342 1299 2369 una
1329 2342 1421 2368 cnm

82 2381 164 2420 illis
193 2381 481 2435 corriperetur.
537 2384 666 2433 Quum
697 2386 801 2424 enim
830 2387 946 2425 multi
965 2387 1210 2428 Socraticam
1240 2386 1423 2437 philoso-

83 2437 231 2490 phandi
257 2440 450 2484 rationem
480 2439 529 2486 ab
555 2441 715 2482 illorum
743 2443 1033 2495 vaniloquentia
1061 2457 1197 2495 parum
1225 2449 1294 2482 ant
1324 2443 1424 2484 nihil

84 2495 375 2544 discernerent,
403 2498 462 2535 vir
490 2498 837 2542 innocentissimus
866 2502 906 2539 in
937 2515 1023 2544 eam
1055 2501 1250 2539 adductus
1270 2507 1334 2539 est
1354 2515 1422 2540 su-

87 2553 327 2602 spicionem,
356 2557 401 2596 ut
430 2554 549 2604 vulgo
562 2555 618 2594 =in
646 2557 805 2596 illorum
835 2571 1002 2597 numero
1031 2559 1236 2597 habendus
1264 2558 1424 2600 videre-

88 2614 173 2648 tur:
204 2609 308 2661 quod
336 2611 462 2661 ipsum
493 2613 615 2651 etiam
643 2613 877 2665 Hegelianis
905 2616 1138 2667 quibusdam
1163 2629 1291 2667 nuper
1319 2617 1426 2655 acci-

89 2665 334 2709 dissewinter
366 2680 502 2707 omnes
534 2674 702 2711 constat.

201 2721 282 2765 Sefl
315 2732 562 2774 postremum
590 2727 692 2777 hoc,
721 2730 828 2780 quod
856 2730 1275 2778 commemoravimus,
1307 2740 1426 2778 quor-
