<?xml version="1.0" encoding="UTF-8"?>
<!DOCTYPE html PUBLIC "-//W3C//DTD XHTML 1.0 Transitional//EN"
    "http://www.w3.org/TR/xhtml1/DTD/xhtml1-transitional.dtd">
<html xmlns="http://www.w3.org/1999/xhtml" xml:lang="en" lang="en">
 <head>
  <title>
</title>
<meta http-equiv="Content-Type" content="text/html;charset=utf-8" />
  <meta name='ocr-system' content='tesseract 3.04.00' />
  <meta name='ocr-capabilities' content='ocr_page ocr_carea ocr_par ocr_line ocrx_word'/>
</head>
<body>
  <div class='ocr_page' id='page_1' title='image "./operaomniarecens06platuoft/operaomniarecens06platuoft_0353.png"; bbox 0 0 1624 2904; ppageno 0'>
   <div class='ocr_carea' id='block_1_1' title="bbox 413 156 1383 205">
    <p class='ocr_par' dir='ltr' id='par_1_1' title="bbox 413 156 1383 205">
     <span class='ocr_line' id='line_1_1' title="bbox 413 156 1383 205; baseline 0.003 -5"><span class='ocrx_word' id='word_1_1' title='bbox 413 158 469 201; x_wconf 88' lang='lat' dir='ltr'><strong>IN</strong></span> <span class='ocrx_word' id='word_1_2' title='bbox 497 156 989 205; x_wconf 72' lang='lat' dir='ltr'><strong>EUTHYPHRONEM.</strong></span> <span class='ocrx_word' id='word_1_3' title='bbox 1295 161 1383 203; x_wconf 71' lang='lat'><strong>137</strong></span> 
     </span>
    </p>
   </div>
   <div class='ocr_carea' id='block_1_2' title="bbox 27 271 1435 2442">
    <p class='ocr_par' dir='ltr' id='par_1_2' title="bbox 27 271 1435 2442">
     <span class='ocr_line' id='line_1_2' title="bbox 33 271 1379 328; baseline 0.002 -14"><span class='ocrx_word' id='word_1_4' title='bbox 33 275 123 328; x_wconf 82' lang='lat' dir='ltr'><strong>ligit</strong></span> <span class='ocrx_word' id='word_1_5' title='bbox 146 275 338 316; x_wconf 73' lang='lat' dir='ltr'><strong>Socrates</strong></span> <span class='ocrx_word' id='word_1_6' title='bbox 370 288 463 316; x_wconf 90' lang='lat' dir='ltr'><strong>eum</strong></span> <span class='ocrx_word' id='word_1_7' title='bbox 492 274 712 315; x_wconf 86' lang='lat' dir='ltr'><strong>ministeria</strong></span> <span class='ocrx_word' id='word_1_8' title='bbox 739 271 817 313; x_wconf 77' lang='lat' dir='ltr'><strong>diis</strong></span> <span class='ocrx_word' id='word_1_9' title='bbox 845 272 1088 326; x_wconf 79' lang='lat' dir='ltr'><strong>praestanda</strong></span> <span class='ocrx_word' id='word_1_10' title='bbox 1114 273 1156 316; x_wconf 85' lang='lat' dir='ltr'><strong>in</strong></span> <span class='ocrx_word' id='word_1_11' title='bbox 1184 286 1234 316; x_wconf 87' lang='lat' dir='ltr'><strong>eo</strong></span> <span class='ocrx_word' id='word_1_12' title='bbox 1263 275 1379 317; x_wconf 78' lang='lat' dir='ltr'><strong>cerni</strong></span> 
     </span>
     <span class='ocr_line' id='line_1_3' title="bbox 35 331 1377 385; baseline 0.001 -14"><span class='ocrx_word' id='word_1_13' title='bbox 35 339 202 385; x_wconf 79' lang='lat' dir='ltr'><strong>putare,</strong></span> <span class='ocrx_word' id='word_1_14' title='bbox 238 337 285 372; x_wconf 87' lang='lat' dir='ltr'><strong>ut</strong></span> <span class='ocrx_word' id='word_1_15' title='bbox 321 334 422 372; x_wconf 88' lang='lat' dir='ltr'><strong>deos</strong></span> <span class='ocrx_word' id='word_1_16' title='bbox 458 333 649 385; x_wconf 87' lang='lat' dir='ltr'><strong>precibus</strong></span> <span class='ocrx_word' id='word_1_17' title='bbox 687 335 810 382; x_wconf 86' lang='lat' dir='ltr'><strong>atque</strong></span> <span class='ocrx_word' id='word_1_18' title='bbox 836 331 1069 371; x_wconf 89' lang='lat' dir='ltr'><strong>muneribus</strong></span> <span class='ocrx_word' id='word_1_19' title='bbox 1099 333 1262 384; x_wconf 87' lang='lat' dir='ltr'><strong>placare</strong></span> <span class='ocrx_word' id='word_1_20' title='bbox 1289 339 1377 373; x_wconf 85' lang='lat' dir='ltr'><strong>stu-</strong></span> 
     </span>
     <span class='ocr_line' id='line_1_4' title="bbox 34 389 1378 442; baseline 0.001 -13"><span class='ocrx_word' id='word_1_21' title='bbox 34 390 210 431; x_wconf 89' lang='lat' dir='ltr'><strong>deamus.</strong></span> <span class='ocrx_word' id='word_1_22' title='bbox 268 391 324 430; x_wconf 77' lang='lat' dir='ltr'><strong>Et</strong></span> <span class='ocrx_word' id='word_1_23' title='bbox 351 394 507 430; x_wconf 85' lang='lat' dir='ltr'><strong>rectam</strong></span> <span class='ocrx_word' id='word_1_24' title='bbox 536 389 694 442; x_wconf 88' lang='lat' dir='ltr'><strong>quidem</strong></span> <span class='ocrx_word' id='word_1_25' title='bbox 713 400 928 440; x_wconf 81' lang='lat' dir='ltr'><strong>veramque</strong></span> <span class='ocrx_word' id='word_1_26' title='bbox 958 390 1150 440; x_wconf 90' lang='lat' dir='ltr'><strong>precandi</strong></span> <span class='ocrx_word' id='word_1_27' title='bbox 1177 391 1378 432; x_wconf 88' lang='lat' dir='ltr'><strong>rationem</strong></span> 
     </span>
     <span class='ocr_line' id='line_1_5' title="bbox 35 446 1377 498; baseline 0.001 -11"><span class='ocrx_word' id='word_1_28' title='bbox 35 460 125 487; x_wconf 90' lang='lat' dir='ltr'><strong>eam</strong></span> <span class='ocrx_word' id='word_1_29' title='bbox 154 460 248 488; x_wconf 85' lang='lat' dir='ltr'><strong>esse</strong></span> <span class='ocrx_word' id='word_1_30' title='bbox 277 453 440 496; x_wconf 81' lang='lat' dir='ltr'><strong>censet,</strong></span> <span class='ocrx_word' id='word_1_31' title='bbox 470 451 515 486; x_wconf 90' lang='lat' dir='ltr'><strong>ut</strong></span> <span class='ocrx_word' id='word_1_32' title='bbox 541 460 564 486; x_wconf 86' lang='lat' dir='ltr'><strong>a</strong></span> <span class='ocrx_word' id='word_1_33' title='bbox 593 446 668 486; x_wconf 81' lang='lat' dir='ltr'><strong>diis</strong></span> <span class='ocrx_word' id='word_1_34' title='bbox 699 457 881 494; x_wconf 70' lang='lat' dir='ltr'><strong>cremae,</strong></span> <span class='ocrx_word' id='word_1_35' title='bbox 911 459 1014 498; x_wconf 88' lang='lat' dir='ltr'><strong>quae</strong></span> <span class='ocrx_word' id='word_1_36' title='bbox 1043 447 1160 487; x_wconf 89' lang='lat' dir='ltr'><strong>nobis</strong></span> <span class='ocrx_word' id='word_1_37' title='bbox 1190 449 1272 487; x_wconf 88' lang='lat' dir='ltr'><strong>sint</strong></span> <span class='ocrx_word' id='word_1_38' title='bbox 1299 460 1377 488; x_wconf 87' lang='lat' dir='ltr'><strong>ue-</strong></span> 
     </span>
     <span class='ocr_line' id='line_1_6' title="bbox 32 502 1378 557; baseline 0.001 -13"><span class='ocrx_word' id='word_1_39' title='bbox 32 506 219 545; x_wconf 79' lang='lat' dir='ltr'><strong>cessaria.</strong></span> <span class='ocrx_word' id='word_1_40' title='bbox 289 506 377 556; x_wconf 78' lang='lat' dir='ltr'><strong>Qua</strong></span> <span class='ocrx_word' id='word_1_41' title='bbox 415 504 614 545; x_wconf 87' lang='lat' dir='ltr'><strong>sententia</strong></span> <span class='ocrx_word' id='word_1_42' title='bbox 647 502 697 542; x_wconf 88' lang='lat' dir='ltr'><strong>ad</strong></span> <span class='ocrx_word' id='word_1_43' title='bbox 734 507 909 542; x_wconf 84' lang='lat' dir='ltr'><strong>mentem</strong></span> <span class='ocrx_word' id='word_1_44' title='bbox 951 503 1284 557; x_wconf 78' lang='lat' dir='ltr'><strong>Euthyphronis,</strong></span> <span class='ocrx_word' id='word_1_45' title='bbox 1329 507 1378 545; x_wconf 82' lang='lat' dir='ltr'><strong>ut</strong></span> 
     </span>
     <span class='ocr_line' id='line_1_7' title="bbox 31 559 1377 615; baseline 0.001 -14"><span class='ocrx_word' id='word_1_46' title='bbox 31 563 215 612; x_wconf 81' lang='lat' dir='ltr'><strong>videtur,</strong></span> <span class='ocrx_word' id='word_1_47' title='bbox 251 563 391 615; x_wconf 78' lang='lat' dir='ltr'><strong>paucis</strong></span> <span class='ocrx_word' id='word_1_48' title='bbox 423 561 620 613; x_wconf 83' lang='lat' dir='ltr'><strong>explicata</strong></span> <span class='ocrx_word' id='word_1_49' title='bbox 651 559 702 599; x_wconf 90' lang='lat' dir='ltr'><strong>ad</strong></span> <span class='ocrx_word' id='word_1_50' title='bbox 729 573 939 599; x_wconf 88' lang='lat' dir='ltr'><strong>munerum</strong></span> <span class='ocrx_word' id='word_1_51' title='bbox 969 560 1044 599; x_wconf 84' lang='lat' dir='ltr'><strong>diis</strong></span> <span class='ocrx_word' id='word_1_52' title='bbox 1073 562 1377 603; x_wconf 87' lang='lat' dir='ltr'><strong>offerendorum</strong></span> 
     </span>
     <span class='ocr_line' id='line_1_8' title="bbox 29 615 1377 671; baseline 0.001 -12"><span class='ocrx_word' id='word_1_53' title='bbox 29 621 229 659; x_wconf 88' lang='lat' dir='ltr'><strong>rationem</strong></span> <span class='ocrx_word' id='word_1_54' title='bbox 258 618 550 659; x_wconf 84' lang='lat' dir='ltr'><strong>examinandam</strong></span> <span class='ocrx_word' id='word_1_55' title='bbox 580 617 840 671; x_wconf 79' lang='lat' dir='ltr'><strong>progreditur</strong></span> <span class='ocrx_word' id='word_1_56' title='bbox 857 615 914 671; x_wconf 88' lang='lat'><strong>*).</strong></span> <span class='ocrx_word' id='word_1_57' title='bbox 970 617 1096 658; x_wconf 87' lang='lat' dir='ltr'><strong>Putat</strong></span> <span class='ocrx_word' id='word_1_58' title='bbox 1127 623 1264 659; x_wconf 87' lang='lat' dir='ltr'><strong>autem</strong></span> <span class='ocrx_word' id='word_1_59' title='bbox 1287 619 1377 659; x_wconf 80' lang='lat' dir='ltr'><strong>Eu-</strong></span> 
     </span>
     <span class='ocr_line' id='line_1_9' title="bbox 28 674 1377 729; baseline 0.001 -13"><span class='ocrx_word' id='word_1_60' title='bbox 28 677 211 729; x_wconf 83' lang='lat' dir='ltr'><strong>thyphro</strong></span> <span class='ocrx_word' id='word_1_61' title='bbox 249 690 297 716; x_wconf 88' lang='lat' dir='ltr'><strong>ea</strong></span> <span class='ocrx_word' id='word_1_62' title='bbox 334 688 498 716; x_wconf 88' lang='lat' dir='ltr'><strong>munera</strong></span> <span class='ocrx_word' id='word_1_63' title='bbox 535 675 610 715; x_wconf 87' lang='lat' dir='ltr'><strong>diis</strong></span> <span class='ocrx_word' id='word_1_64' title='bbox 651 674 859 714; x_wconf 83' lang='lat' dir='ltr'><strong>offerenda</strong></span> <span class='ocrx_word' id='word_1_65' title='bbox 888 687 1006 723; x_wconf 75' lang='lat' dir='ltr'><strong>esse,</strong></span> <span class='ocrx_word' id='word_1_66' title='bbox 1035 677 1178 728; x_wconf 85' lang='lat' dir='ltr'><strong>quibus</strong></span> <span class='ocrx_word' id='word_1_67' title='bbox 1204 676 1286 729; x_wconf 82' lang='lat' dir='ltr'><strong>ipsi</strong></span> <span class='ocrx_word' id='word_1_68' title='bbox 1313 677 1377 717; x_wconf 79' lang='lat' dir='ltr'><strong>in·</strong></span> 
     </span>
     <span class='ocr_line' id='line_1_10' title="bbox 28 731 1377 786; baseline 0.001 -14"><span class='ocrx_word' id='word_1_69' title='bbox 28 733 206 786; x_wconf 80' lang='lat' dir='ltr'><strong>digeaut.</strong></span> <span class='ocrx_word' id='word_1_70' title='bbox 262 733 324 772; x_wconf 80' lang='lat' dir='ltr'><strong>Ex</strong></span> <span class='ocrx_word' id='word_1_71' title='bbox 352 746 432 785; x_wconf 92' lang='lat' dir='ltr'><strong>quo</strong></span> <span class='ocrx_word' id='word_1_72' title='bbox 459 732 618 785; x_wconf 82' lang='lat' dir='ltr'>colligit</span> <span class='ocrx_word' id='word_1_73' title='bbox 646 731 836 771; x_wconf 79' lang='lat' dir='ltr'><strong>Socrates</strong></span> <span class='ocrx_word' id='word_1_74' title='bbox 865 733 1061 785; x_wconf 88' lang='lat' dir='ltr'><strong>pietatem</strong></span> <span class='ocrx_word' id='word_1_75' title='bbox 1091 746 1185 775; x_wconf 83' lang='lat' dir='ltr'><strong>esse</strong></span> <span class='ocrx_word' id='word_1_76' title='bbox 1212 746 1377 774; x_wconf 87' lang='lat' dir='ltr'><strong>merca-</strong></span> 
     </span>
     <span class='ocr_line' id='line_1_11' title="bbox 27 789 1376 844; baseline 0.001 -14"><span class='ocrx_word' id='word_1_77' title='bbox 27 793 172 831; x_wconf 88' lang='lat' dir='ltr'><strong>toriam</strong></span> <span class='ocrx_word' id='word_1_78' title='bbox 203 791 395 842; x_wconf 85' lang='lat' dir='ltr'><strong>quandam</strong></span> <span class='ocrx_word' id='word_1_79' title='bbox 424 795 580 838; x_wconf 78' lang='lat' dir='ltr'><strong>artem,</strong></span> <span class='ocrx_word' id='word_1_80' title='bbox 610 802 714 842; x_wconf 87' lang='lat' dir='ltr'><strong>quae</strong></span> <span class='ocrx_word' id='word_1_81' title='bbox 740 792 880 829; x_wconf 90' lang='lat' dir='ltr'><strong>mutuo</strong></span> <span class='ocrx_word' id='word_1_82' title='bbox 908 789 1037 830; x_wconf 87' lang='lat' dir='ltr'><strong>dando</strong></span> <span class='ocrx_word' id='word_1_83' title='bbox 1067 795 1112 831; x_wconf 87' lang='lat' dir='ltr'><strong>et</strong></span> <span class='ocrx_word' id='word_1_84' title='bbox 1140 791 1376 844; x_wconf 87' lang='lat' dir='ltr'><strong>accipiendo</strong></span> 
     </span>
     <span class='ocr_line' id='line_1_12' title="bbox 31 847 1375 897; baseline 0.001 -9"><span class='ocrx_word' id='word_1_85' title='bbox 31 850 297 889; x_wconf 84' lang='lat' dir='ltr'><strong>contineatur.</strong></span> <span class='ocrx_word' id='word_1_86' title='bbox 355 847 473 897; x_wconf 80' lang='lat' dir='ltr'><strong>Quod</strong></span> <span class='ocrx_word' id='word_1_87' title='bbox 502 847 575 887; x_wconf 87' lang='lat' dir='ltr'><strong>ille</strong></span> <span class='ocrx_word' id='word_1_88' title='bbox 604 847 839 886; x_wconf 78' lang='lat' dir='ltr'><strong>assensione</strong></span> <span class='ocrx_word' id='word_1_89' title='bbox 869 860 941 887; x_wconf 87' lang='lat' dir='ltr'><strong>sua</strong></span> <span class='ocrx_word' id='word_1_90' title='bbox 968 847 1077 887; x_wconf 87' lang='lat' dir='ltr'><strong>haud</strong></span> <span class='ocrx_word' id='word_1_91' title='bbox 1094 848 1237 890; x_wconf 87' lang='lat' dir='ltr'><strong>dubius</strong></span> <span class='ocrx_word' id='word_1_92' title='bbox 1257 861 1375 890; x_wconf 84' lang='lat' dir='ltr'><strong>com-</strong></span> 
     </span>
     <span class='ocr_line' id='line_1_13' title="bbox 29 904 1373 958; baseline 0.001 -14"><span class='ocrx_word' id='word_1_93' title='bbox 29 906 190 958; x_wconf 84' lang='lat' dir='ltr'><strong>probat.</strong></span> <span class='ocrx_word' id='word_1_94' title='bbox 255 905 425 956; x_wconf 77' lang='lat' dir='ltr'><strong>Quaerit</strong></span> <span class='ocrx_word' id='word_1_95' title='bbox 462 905 586 956; x_wconf 82' lang='lat' dir='ltr'><strong>igitur</strong></span> <span class='ocrx_word' id='word_1_96' title='bbox 628 904 820 944; x_wconf 79' lang='lat' dir='ltr'><strong>Socrates</strong></span> <span class='ocrx_word' id='word_1_97' title='bbox 861 917 911 944; x_wconf 80' lang='lat' dir='ltr'><strong>ex</strong></span> <span class='ocrx_word' id='word_1_98' title='bbox 940 916 1014 955; x_wconf 77' lang='lat' dir='ltr'><strong>eo,</strong></span> <span class='ocrx_word' id='word_1_99' title='bbox 1043 919 1253 958; x_wconf 88' lang='lat' dir='ltr'><strong>quamnam</strong></span> <span class='ocrx_word' id='word_1_100' title='bbox 1281 911 1373 946; x_wconf 80' lang='lat' dir='ltr'><strong>tan-</strong></span> 
     </span>
     <span class='ocr_line' id='line_1_14' title="bbox 29 962 1375 1004; baseline 0.001 -2"><span class='ocrx_word' id='word_1_101' title='bbox 29 963 120 1003; x_wconf 90' lang='lat' dir='ltr'><strong>dem</strong></span> <span class='ocrx_word' id='word_1_102' title='bbox 149 962 365 1002; x_wconf 77' lang='lat' dir='ltr'><strong>utilitatem</strong></span> <span class='ocrx_word' id='word_1_103' title='bbox 395 962 617 1001; x_wconf 83' lang='lat' dir='ltr'><strong>arbitretur</strong></span> <span class='ocrx_word' id='word_1_104' title='bbox 645 974 694 1001; x_wconf 85' lang='lat' dir='ltr'><strong>ex</strong></span> <span class='ocrx_word' id='word_1_105' title='bbox 723 962 922 1002; x_wconf 89' lang='lat' dir='ltr'><strong>eiusmodi</strong></span> <span class='ocrx_word' id='word_1_106' title='bbox 949 962 1066 1004; x_wconf 87' lang='lat' dir='ltr'><strong>donis</strong></span> <span class='ocrx_word' id='word_1_107' title='bbox 1093 964 1135 1003; x_wconf 91' lang='lat' dir='ltr'><strong>in</strong></span> <span class='ocrx_word' id='word_1_108' title='bbox 1162 963 1263 1004; x_wconf 88' lang='lat' dir='ltr'><strong>deos</strong></span> <span class='ocrx_word' id='word_1_109' title='bbox 1305 976 1375 1003; x_wconf 83' lang='lat' dir='ltr'><strong>re·-</strong></span> 
     </span>
     <span class='ocr_line' id='line_1_15' title="bbox 28 1019 1375 1071; baseline 0.002 -13"><span class='ocrx_word' id='word_1_110' title='bbox 28 1020 219 1062; x_wconf 82' lang='lat' dir='ltr'><strong>dundare.</strong></span> <span class='ocrx_word' id='word_1_111' title='bbox 275 1019 518 1071; x_wconf 83' lang='lat' dir='ltr'><strong>Respondet</strong></span> <span class='ocrx_word' id='word_1_112' title='bbox 545 1019 616 1060; x_wconf 91' lang='lat' dir='ltr'><strong>ille</strong></span> <span class='ocrx_word' id='word_1_113' title='bbox 653 1023 845 1071; x_wconf 86' lang='lat' dir='ltr'><strong>spectare</strong></span> <span class='ocrx_word' id='word_1_114' title='bbox 887 1032 935 1059; x_wconf 90' lang='lat' dir='ltr'><strong>ea</strong></span> <span class='ocrx_word' id='word_1_115' title='bbox 969 1024 1127 1061; x_wconf 81' lang='lat' dir='ltr'><strong>tautum</strong></span> <span class='ocrx_word' id='word_1_116' title='bbox 1164 1020 1216 1061; x_wconf 88' lang='lat' dir='ltr'><strong>ad</strong></span> <span class='ocrx_word' id='word_1_117' title='bbox 1242 1021 1375 1061; x_wconf 86' lang='lat' dir='ltr'><strong>hono-</strong></span> 
     </span>
     <span class='ocr_line' id='line_1_16' title="bbox 28 1076 1374 1131; baseline 0.001 -14"><span class='ocrx_word' id='word_1_118' title='bbox 28 1090 115 1118; x_wconf 87' lang='lat' dir='ltr'><strong>rem</strong></span> <span class='ocrx_word' id='word_1_119' title='bbox 157 1081 201 1117; x_wconf 90' lang='lat' dir='ltr'><strong>et</strong></span> <span class='ocrx_word' id='word_1_120' title='bbox 236 1078 537 1117; x_wconf 75' lang='lat' dir='ltr'><strong>venerationem</strong></span> <span class='ocrx_word' id='word_1_121' title='bbox 573 1076 741 1116; x_wconf 89' lang='lat' dir='ltr'><strong>deorum</strong></span> <span class='ocrx_word' id='word_1_122' title='bbox 780 1076 1023 1130; x_wconf 81' lang='lat' dir='ltr'><strong>omninoque</strong></span> <span class='ocrx_word' id='word_1_123' title='bbox 1059 1077 1111 1117; x_wconf 89' lang='lat' dir='ltr'><strong>ad</strong></span> <span class='ocrx_word' id='word_1_124' title='bbox 1148 1090 1220 1127; x_wconf 77' lang='lat' dir='ltr'><strong>ea,</strong></span> <span class='ocrx_word' id='word_1_125' title='bbox 1270 1090 1374 1131; x_wconf 86' lang='lat' dir='ltr'><strong>quae</strong></span> 
     </span>
     <span class='ocr_line' id='line_1_17' title="bbox 27 1133 1375 1188; baseline 0.001 -14"><span class='ocrx_word' id='word_1_126' title='bbox 27 1139 147 1174; x_wconf 86' lang='lat' dir='ltr'><strong>antea</strong></span> <span class='ocrx_word' id='word_1_127' title='bbox 180 1135 230 1174; x_wconf 85' lang='lat' dir='ltr'><strong>iis</strong></span> <span class='ocrx_word' id='word_1_128' title='bbox 267 1138 382 1187; x_wconf 79' lang='lat' dir='ltr'><strong>grata</strong></span> <span class='ocrx_word' id='word_1_129' title='bbox 419 1146 514 1174; x_wconf 86' lang='lat' dir='ltr'><strong>esse</strong></span> <span class='ocrx_word' id='word_1_130' title='bbox 540 1133 789 1175; x_wconf 80' lang='lat' dir='ltr'><strong>iudicaverit.</strong></span> <span class='ocrx_word' id='word_1_131' title='bbox 845 1134 1062 1175; x_wconf 82' lang='lat' dir='ltr'><strong>Enimvero</strong></span> <span class='ocrx_word' id='word_1_132' title='bbox 1092 1136 1277 1188; x_wconf 80' lang='lat' dir='ltr'><strong>sequitur</strong></span> <span class='ocrx_word' id='word_1_133' title='bbox 1304 1148 1375 1175; x_wconf 70' lang='lat' dir='ltr'><strong>va-</strong></span> 
     </span>
     <span class='ocr_line' id='line_1_18' title="bbox 31 1191 1373 1245; baseline 0 -13"><span class='ocrx_word' id='word_1_134' title='bbox 31 1196 122 1240; x_wconf 86' lang='lat' dir='ltr'><strong>tes,</strong></span> <span class='ocrx_word' id='word_1_135' title='bbox 157 1195 204 1230; x_wconf 90' lang='lat' dir='ltr'><strong>ut</strong></span> <span class='ocrx_word' id='word_1_136' title='bbox 240 1192 420 1241; x_wconf 77' lang='lat' dir='ltr'><strong>videtur,</strong></span> <span class='ocrx_word' id='word_1_137' title='bbox 454 1191 564 1244; x_wconf 82' lang='lat' dir='ltr'><strong>vulgi</strong></span> <span class='ocrx_word' id='word_1_138' title='bbox 602 1192 855 1244; x_wconf 74' lang='lat' dir='ltr'><strong>opinionem,</strong></span> <span class='ocrx_word' id='word_1_139' title='bbox 893 1205 970 1244; x_wconf 91' lang='lat' dir='ltr'><strong>qua</strong></span> <span class='ocrx_word' id='word_1_140' title='bbox 999 1192 1168 1233; x_wconf 86' lang='lat' dir='ltr'><strong>deorum</strong></span> <span class='ocrx_word' id='word_1_141' title='bbox 1200 1193 1373 1245; x_wconf 81' lang='lat' dir='ltr'><strong>gratiam</strong></span> 
     </span>
     <span class='ocr_line' id='line_1_19' title="bbox 30 1249 1374 1302; baseline 0 -13"><span class='ocrx_word' id='word_1_142' title='bbox 30 1262 78 1289; x_wconf 89' lang='lat' dir='ltr'><strong>ac</strong></span> <span class='ocrx_word' id='word_1_143' title='bbox 111 1249 293 1289; x_wconf 82' lang='lat' dir='ltr'><strong>favorem</strong></span> <span class='ocrx_word' id='word_1_144' title='bbox 330 1249 520 1301; x_wconf 82' lang='lat' dir='ltr'><strong>precibus</strong></span> <span class='ocrx_word' id='word_1_145' title='bbox 555 1261 602 1288; x_wconf 89' lang='lat' dir='ltr'><strong>ac</strong></span> <span class='ocrx_word' id='word_1_146' title='bbox 640 1249 849 1289; x_wconf 82' lang='lat' dir='ltr'><strong>sacrificiis</strong></span> <span class='ocrx_word' id='word_1_147' title='bbox 878 1249 1015 1302; x_wconf 82' lang='lat' dir='ltr'><strong>colligi</strong></span> <span class='ocrx_word' id='word_1_148' title='bbox 1043 1262 1171 1302; x_wconf 87' lang='lat' dir='ltr'><strong>posse</strong></span> <span class='ocrx_word' id='word_1_149' title='bbox 1197 1250 1374 1302; x_wconf 79' lang='lat' dir='ltr'><strong>putaba-</strong></span> 
     </span>
     <span class='ocr_line' id='line_1_20' title="bbox 27 1305 1375 1359; baseline 0.001 -13"><span class='ocrx_word' id='word_1_150' title='bbox 27 1310 109 1347; x_wconf 83' lang='lat' dir='ltr'><strong>tur.</strong></span> <span class='ocrx_word' id='word_1_151' title='bbox 166 1306 279 1356; x_wconf 79' lang='lat' dir='ltr'><strong>Quae</strong></span> <span class='ocrx_word' id='word_1_152' title='bbox 302 1306 507 1347; x_wconf 78' lang='lat' dir='ltr'><strong>sententia</strong></span> <span class='ocrx_word' id='word_1_153' title='bbox 536 1309 787 1358; x_wconf 78' lang='lat' dir='ltr'><strong>quantopere</strong></span> <span class='ocrx_word' id='word_1_154' title='bbox 812 1305 972 1346; x_wconf 86' lang='lat' dir='ltr'><strong>Platoni</strong></span> <span class='ocrx_word' id='word_1_155' title='bbox 985 1307 1255 1359; x_wconf 85' lang='lat' dir='ltr'><strong>displicuerit,</strong></span> <span class='ocrx_word' id='word_1_156' title='bbox 1280 1319 1375 1348; x_wconf 86' lang='lat' dir='ltr'><strong>me-</strong></span> 
     </span>
     <span class='ocr_line' id='line_1_21' title="bbox 29 1362 1374 1417; baseline 0 -13"><span class='ocrx_word' id='word_1_157' title='bbox 29 1363 236 1404; x_wconf 89' lang='lat' dir='ltr'><strong>morabilis</strong></span> <span class='ocrx_word' id='word_1_158' title='bbox 271 1363 344 1403; x_wconf 90' lang='lat' dir='ltr'><strong>ille</strong></span> <span class='ocrx_word' id='word_1_159' title='bbox 377 1364 492 1403; x_wconf 88' lang='lat' dir='ltr'><strong>locus</strong></span> <span class='ocrx_word' id='word_1_160' title='bbox 530 1362 685 1416; x_wconf 80' lang='lat' dir='ltr'><strong>Legum</strong></span> <span class='ocrx_word' id='word_1_161' title='bbox 724 1363 816 1405; x_wconf 83' lang='lat' dir='ltr'><strong>libr.</strong></span> <span class='ocrx_word' id='word_1_162' title='bbox 848 1363 901 1403; x_wconf 84' lang='lat' dir='ltr'><strong>X.</strong></span> <span class='ocrx_word' id='word_1_163' title='bbox 929 1377 971 1416; x_wconf 86' lang='lat' dir='ltr'><strong>p.</strong></span> <span class='ocrx_word' id='word_1_164' title='bbox 999 1364 1098 1404; x_wconf 76' lang='lat'><strong>9⁰5.</strong></span> <span class='ocrx_word' id='word_1_165' title='bbox 1125 1364 1161 1404; x_wconf 87' lang='lat' dir='ltr'>D</span> <span class='ocrx_word' id='word_1_166' title='bbox 1189 1377 1280 1417; x_wconf 64' lang='lat' dir='ltr'><strong>sqq.</strong></span> <span class='ocrx_word' id='word_1_167' title='bbox 1309 1365 1374 1404; x_wconf 90' lang='lat' dir='ltr'><strong>lu-</strong></span> 
     </span>
     <span class='ocr_line' id='line_1_22' title="bbox 31 1419 1374 1474; baseline 0.001 -15"><span class='ocrx_word' id='word_1_168' title='bbox 31 1420 195 1460; x_wconf 83' lang='lat' dir='ltr'><strong>culente</strong></span> <span class='ocrx_word' id='word_1_169' title='bbox 227 1425 415 1460; x_wconf 77' lang='lat' dir='ltr'><strong>testatur.</strong></span> <span class='ocrx_word' id='word_1_170' title='bbox 482 1419 569 1460; x_wconf 83' lang='lat' dir='ltr'><strong>Nec</strong></span> <span class='ocrx_word' id='word_1_171' title='bbox 604 1420 778 1459; x_wconf 87' lang='lat' dir='ltr'><strong>dubitari</strong></span> <span class='ocrx_word' id='word_1_172' title='bbox 814 1425 929 1459; x_wconf 90' lang='lat' dir='ltr'><strong>recte</strong></span> <span class='ocrx_word' id='word_1_173' title='bbox 955 1422 1133 1473; x_wconf 85' lang='lat' dir='ltr'><strong>poterit,</strong></span> <span class='ocrx_word' id='word_1_174' title='bbox 1170 1422 1266 1474; x_wconf 86' lang='lat' dir='ltr'><strong>quin</strong></span> <span class='ocrx_word' id='word_1_175' title='bbox 1294 1420 1374 1461; x_wconf 84' lang='lat' dir='ltr'><strong>So-</strong></span> 
     </span>
     <span class='ocr_line' id='line_1_23' title="bbox 29 1478 1374 1531; baseline 0.003 -15"><span class='ocrx_word' id='word_1_176' title='bbox 29 1483 164 1517; x_wconf 80' lang='lat' dir='ltr'><strong>crates</strong></span> <span class='ocrx_word' id='word_1_177' title='bbox 201 1491 362 1529; x_wconf 89' lang='lat' dir='ltr'><strong>quoque</strong></span> <span class='ocrx_word' id='word_1_178' title='bbox 398 1478 518 1518; x_wconf 82' lang='lat' dir='ltr'><strong>istius</strong></span> <span class='ocrx_word' id='word_1_179' title='bbox 554 1478 754 1530; x_wconf 76' lang='lat' dir='ltr'><strong>opinionis</strong></span> <span class='ocrx_word' id='word_1_180' title='bbox 792 1489 972 1517; x_wconf 88' lang='lat' dir='ltr'><strong>errorem</strong></span> <span class='ocrx_word' id='word_1_181' title='bbox 1004 1492 1050 1519; x_wconf 83' lang='lat' dir='ltr'><strong>ac</strong></span> <span class='ocrx_word' id='word_1_182' title='bbox 1080 1478 1374 1531; x_wconf 80' lang='lat' dir='ltr'><strong>turpitudiuem</strong></span> 
     </span>
     <span class='ocr_line' id='line_1_24' title="bbox 30 1533 1374 1587; baseline 0.004 -14"><span class='ocrx_word' id='word_1_183' title='bbox 30 1534 376 1584; x_wconf 81' lang='lat' dir='ltr'><strong>animadverterit,</strong></span> <span class='ocrx_word' id='word_1_184' title='bbox 405 1536 473 1586; x_wconf 90' lang='lat' dir='ltr'><strong>qui</strong></span> <span class='ocrx_word' id='word_1_185' title='bbox 501 1535 606 1587; x_wconf 88' lang='lat' dir='ltr'><strong>apud</strong></span> <span class='ocrx_word' id='word_1_186' title='bbox 635 1533 950 1586; x_wconf 82' lang='lat' dir='ltr'><strong>Xenophontem</strong></span> <span class='ocrx_word' id='word_1_187' title='bbox 979 1534 1156 1578; x_wconf 85' lang='lat' dir='ltr'><strong>Memor.</strong></span> <span class='ocrx_word' id='word_1_188' title='bbox 1185 1536 1218 1578; x_wconf 87' lang='grc' dir='ltr'><strong>Ι.</strong></span> <span class='ocrx_word' id='word_1_189' title='bbox 1246 1537 1298 1585; x_wconf 74' lang='lat'><strong>8,</strong></span> <span class='ocrx_word' id='word_1_190' title='bbox 1329 1536 1374 1579; x_wconf 86' lang='lat'><strong>1.</strong></span> 
     </span>
     <span class='ocr_line' id='line_1_25' title="bbox 29 1591 1373 1645; baseline 0.002 -15"><span class='ocrx_word' id='word_1_191' title='bbox 29 1592 81 1630; x_wconf 87' lang='lat' dir='ltr'><strong>de</strong></span> <span class='ocrx_word' id='word_1_192' title='bbox 119 1593 307 1643; x_wconf 81' lang='lat' dir='ltr'><strong>precibus</strong></span> <span class='ocrx_word' id='word_1_193' title='bbox 337 1591 385 1630; x_wconf 89' lang='lat' dir='ltr'><strong>ad</strong></span> <span class='ocrx_word' id='word_1_194' title='bbox 425 1592 525 1631; x_wconf 87' lang='lat' dir='ltr'><strong>deos</strong></span> <span class='ocrx_word' id='word_1_195' title='bbox 566 1591 761 1631; x_wconf 78' lang='lat' dir='ltr'><strong>faciendis</strong></span> <span class='ocrx_word' id='word_1_196' title='bbox 813 1592 1016 1644; x_wconf 78' lang='lat' dir='ltr'><strong>praecipit</strong></span> <span class='ocrx_word' id='word_1_197' title='bbox 1058 1593 1373 1645; x_wconf 68' lang='lat' dir='ltr'><strong>sapientissime.</strong></span> 
     </span>
     <span class='ocr_line' id='line_1_26' title="bbox 28 1644 1373 1702; baseline 0.003 -15"><span class='ocrx_word' id='word_1_198' title='bbox 28 1650 226 1699; x_wconf 75' lang='lat' dir='ltr'><strong>Quocirca</strong></span> <span class='ocrx_word' id='word_1_199' title='bbox 268 1649 412 1701; x_wconf 84' lang='lat' dir='ltr'><strong>aliquis</strong></span> <span class='ocrx_word' id='word_1_200' title='bbox 459 1653 673 1700; x_wconf 84' lang='lat' dir='ltr'><strong>exspectet</strong></span> <span class='ocrx_word' id='word_1_201' title='bbox 719 1648 799 1687; x_wconf 81' lang='lat' dir='ltr'><strong>hoc</strong></span> <span class='ocrx_word' id='word_1_202' title='bbox 842 1650 882 1688; x_wconf 86' lang='lat' dir='ltr'><strong>iu</strong></span> <span class='ocrx_word' id='word_1_203' title='bbox 926 1649 1019 1689; x_wconf 88' lang='lat' dir='ltr'><strong>loco</strong></span> <span class='ocrx_word' id='word_1_204' title='bbox 1056 1644 1373 1702; x_wconf 84' lang='lat' dir='ltr'><strong>disputationem</strong></span> 
     </span>
     <span class='ocr_line' id='line_1_27' title="bbox 30 1706 1374 1761; baseline 0.002 -17"><span class='ocrx_word' id='word_1_205' title='bbox 30 1707 106 1745; x_wconf 86' lang='lat' dir='ltr'><strong>iam</strong></span> <span class='ocrx_word' id='word_1_206' title='bbox 145 1719 195 1744; x_wconf 87' lang='lat' dir='ltr'><strong>eo</strong></span> <span class='ocrx_word' id='word_1_207' title='bbox 231 1706 447 1745; x_wconf 86' lang='lat' dir='ltr'><strong>deductum</strong></span> <span class='ocrx_word' id='word_1_208' title='bbox 483 1707 556 1753; x_wconf 88' lang='lat' dir='ltr'><strong>iri,</strong></span> <span class='ocrx_word' id='word_1_209' title='bbox 599 1710 645 1744; x_wconf 89' lang='lat' dir='ltr'><strong>ut</strong></span> <span class='ocrx_word' id='word_1_210' title='bbox 681 1706 806 1755; x_wconf 75' lang='lat' dir='ltr'><strong>vatis,</strong></span> <span class='ocrx_word' id='word_1_211' title='bbox 845 1707 927 1745; x_wconf 86' lang='lat' dir='ltr'><strong>hoc</strong></span> <span class='ocrx_word' id='word_1_212' title='bbox 966 1711 1032 1747; x_wconf 85' lang='lat' dir='ltr'><strong>est</strong></span> <span class='ocrx_word' id='word_1_213' title='bbox 1069 1707 1213 1761; x_wconf 86' lang='lat' dir='ltr'><strong>populi</strong></span> <span class='ocrx_word' id='word_1_214' title='bbox 1239 1708 1374 1748; x_wconf 82' lang='lat' dir='ltr'><strong>Athe·-</strong></span> 
     </span>
     <span class='ocr_line' id='line_1_28' title="bbox 29 1763 1374 1815; baseline 0.003 -14"><span class='ocrx_word' id='word_1_215' title='bbox 29 1763 208 1810; x_wconf 77' lang='lat' dir='ltr'><strong>niensis,</strong></span> <span class='ocrx_word' id='word_1_216' title='bbox 235 1763 315 1802; x_wconf 85' lang='lat' dir='ltr'><strong>hoc</strong></span> <span class='ocrx_word' id='word_1_217' title='bbox 342 1764 383 1802; x_wconf 87' lang='lat' dir='ltr'><strong>iu</strong></span> <span class='ocrx_word' id='word_1_218' title='bbox 412 1776 563 1815; x_wconf 84' lang='lat' dir='ltr'><strong>genere</strong></span> <span class='ocrx_word' id='word_1_219' title='bbox 576 1763 836 1815; x_wconf 70' lang='lat' dir='ltr'><strong>,perversitas</strong></span> <span class='ocrx_word' id='word_1_220' title='bbox 865 1770 1070 1815; x_wconf 80' lang='lat' dir='ltr'><strong>arguatur.</strong></span> <span class='ocrx_word' id='word_1_221' title='bbox 1143 1763 1228 1804; x_wconf 85' lang='lat' dir='ltr'><strong>Sed</strong></span> <span class='ocrx_word' id='word_1_222' title='bbox 1254 1768 1374 1805; x_wconf 82' lang='lat' dir='ltr'><strong>caute</strong></span> 
     </span>
     <span class='ocr_line' id='line_1_29' title="bbox 30 1819 1435 1874; baseline 0.001 -15"><span class='ocrx_word' id='word_1_223' title='bbox 30 1833 77 1859; x_wconf 88' lang='lat' dir='ltr'><strong>ac</strong></span> <span class='ocrx_word' id='word_1_224' title='bbox 106 1820 326 1871; x_wconf 83' lang='lat' dir='ltr'><strong>prudenter</strong></span> <span class='ocrx_word' id='word_1_225' title='bbox 352 1819 565 1870; x_wconf 77' lang='lat' dir='ltr'><strong>Socrates,</strong></span> <span class='ocrx_word' id='word_1_226' title='bbox 594 1821 717 1860; x_wconf 87' lang='lat' dir='ltr'><strong>missa</strong></span> <span class='ocrx_word' id='word_1_227' title='bbox 745 1819 864 1859; x_wconf 82' lang='lat' dir='ltr'><strong>liuius</strong></span> <span class='ocrx_word' id='word_1_228' title='bbox 892 1821 953 1860; x_wconf 91' lang='lat' dir='ltr'><strong>rei</strong></span> <span class='ocrx_word' id='word_1_229' title='bbox 982 1823 1243 1874; x_wconf 66' lang='lat' dir='ltr'><strong>quaestione,</strong></span> <span class='ocrx_word' id='word_1_230' title='bbox 1269 1823 1375 1862; x_wconf 86' lang='lat' dir='ltr'><strong>hanc</strong></span> <span class='ocrx_word' id='word_1_231' title='bbox 1429 1835 1435 1839; x_wconf 95' lang='lat'>·</span> 
     </span>
     <span class='ocr_line' id='line_1_30' title="bbox 31 1877 1377 1932; baseline 0.003 -16"><span class='ocrx_word' id='word_1_232' title='bbox 31 1878 272 1916; x_wconf 84' lang='lat' dir='ltr'><strong>sententiam</strong></span> <span class='ocrx_word' id='word_1_233' title='bbox 316 1877 374 1915; x_wconf 87' lang='lat' dir='ltr'><strong>ita</strong></span> <span class='ocrx_word' id='word_1_234' title='bbox 422 1878 652 1930; x_wconf 78' lang='lat' dir='ltr'><strong>impugnat,</strong></span> <span class='ocrx_word' id='word_1_235' title='bbox 698 1882 743 1920; x_wconf 88' lang='lat' dir='ltr'><strong>ut</strong></span> <span class='ocrx_word' id='word_1_236' title='bbox 779 1877 1119 1932; x_wconf 74' lang='lat' dir='ltr'><strong>Euthyphronem</strong></span> <span class='ocrx_word' id='word_1_237' title='bbox 1166 1879 1377 1921; x_wconf 78' lang='lat' dir='ltr'><strong>recordari</strong></span> 
     </span>
     <span class='ocr_line' id='line_1_31' title="bbox 34 1931 1377 1990; baseline 0.001 -17"><span class='ocrx_word' id='word_1_238' title='bbox 34 1935 171 1973; x_wconf 83' lang='lat' dir='ltr'><strong>iubeat</strong></span> <span class='ocrx_word' id='word_1_239' title='bbox 205 1934 487 1985; x_wconf 80' lang='lat' dir='ltr'><strong>disputationis</strong></span> <span class='ocrx_word' id='word_1_240' title='bbox 527 1935 774 1986; x_wconf 71' lang='lat' dir='ltr'><strong>superioris,</strong></span> <span class='ocrx_word' id='word_1_241' title='bbox 812 1931 902 1986; x_wconf 75' lang='lat' dir='ltr'><strong>qua¹</strong></span> <span class='ocrx_word' id='word_1_242' title='bbox 924 1934 1026 1976; x_wconf 75' lang='lat' dir='ltr'><strong>deos</strong></span> <span class='ocrx_word' id='word_1_243' title='bbox 1070 1938 1184 1988; x_wconf 87' lang='lat' dir='ltr'><strong>ipsos</strong></span> <span class='ocrx_word' id='word_1_244' title='bbox 1219 1938 1271 1977; x_wconf 87' lang='lat' dir='ltr'><strong>de</strong></span> <span class='ocrx_word' id='word_1_245' title='bbox 1307 1937 1377 1990; x_wconf 77' lang='lat' dir='ltr'><strong>iis,</strong></span> 
     </span>
     <span class='ocr_line' id='line_1_32' title="bbox 35 1991 1376 2044; baseline 0.004 -14"><span class='ocrx_word' id='word_1_246' title='bbox 35 2004 138 2044; x_wconf 90' lang='lat' dir='ltr'><strong>quae</strong></span> <span class='ocrx_word' id='word_1_247' title='bbox 166 1992 244 2030; x_wconf 85' lang='lat' dir='ltr'><strong>sibi</strong></span> <span class='ocrx_word' id='word_1_248' title='bbox 270 2003 362 2029; x_wconf 88' lang='lat' dir='ltr'><strong>cara</strong></span> <span class='ocrx_word' id='word_1_249' title='bbox 392 1991 499 2039; x_wconf 77' lang='lat' dir='ltr'><strong>sint,</strong></span> <span class='ocrx_word' id='word_1_250' title='bbox 526 1991 634 2030; x_wconf 91' lang='lat' dir='ltr'><strong>inter</strong></span> <span class='ocrx_word' id='word_1_251' title='bbox 663 2003 708 2030; x_wconf 82' lang='lat' dir='ltr'><strong>se</strong></span> <span class='ocrx_word' id='word_1_252' title='bbox 736 1991 998 2032; x_wconf 74' lang='lat' dir='ltr'><strong>vehementer</strong></span> <span class='ocrx_word' id='word_1_253' title='bbox 1025 1993 1242 2034; x_wconf 86' lang='lat' dir='ltr'><strong>dissentire</strong></span> <span class='ocrx_word' id='word_1_254' title='bbox 1272 1993 1376 2034; x_wconf 77' lang='lat' dir='ltr'><strong>effe-</strong></span> 
     </span>
     <span class='ocr_line' id='line_1_33' title="bbox 34 2047 1376 2104; baseline 0.002 -16"><span class='ocrx_word' id='word_1_255' title='bbox 34 2053 145 2088; x_wconf 89' lang='lat' dir='ltr'><strong>ctum</strong></span> <span class='ocrx_word' id='word_1_256' title='bbox 174 2051 276 2088; x_wconf 85' lang='lat' dir='ltr'><strong>erat.</strong></span> <span class='ocrx_word' id='word_1_257' title='bbox 334 2047 394 2087; x_wconf 81' lang='lat' dir='ltr'><strong>Ita</strong></span> <span class='ocrx_word' id='word_1_258' title='bbox 422 2049 528 2088; x_wconf 89' lang='lat' dir='ltr'><strong>enim</strong></span> <span class='ocrx_word' id='word_1_259' title='bbox 561 2048 623 2097; x_wconf 73' lang='lat' dir='ltr'><strong>fit,</strong></span> <span class='ocrx_word' id='word_1_260' title='bbox 652 2053 699 2087; x_wconf 90' lang='lat' dir='ltr'><strong>nt</strong></span> <span class='ocrx_word' id='word_1_261' title='bbox 725 2048 971 2101; x_wconf 78' lang='lat' dir='ltr'><strong>Euthyphro</strong></span> <span class='ocrx_word' id='word_1_262' title='bbox 1001 2053 1114 2102; x_wconf 87' lang='lat' dir='ltr'><strong>quasi</strong></span> <span class='ocrx_word' id='word_1_263' title='bbox 1143 2064 1217 2091; x_wconf 85' lang='lat' dir='ltr'><strong>suo</strong></span> <span class='ocrx_word' id='word_1_264' title='bbox 1245 2053 1376 2104; x_wconf 76' lang='lat' dir='ltr'><strong>ipsius</strong></span> 
     </span>
     <span class='ocr_line' id='line_1_34' title="bbox 35 2105 1380 2161; baseline 0.004 -17"><span class='ocrx_word' id='word_1_265' title='bbox 35 2105 168 2159; x_wconf 81' lang='lat' dir='ltr'><strong>gladio</strong></span> <span class='ocrx_word' id='word_1_266' title='bbox 206 2105 432 2156; x_wconf 79' lang='lat' dir='ltr'><strong>iuguletur,</strong></span> <span class='ocrx_word' id='word_1_267' title='bbox 470 2109 591 2156; x_wconf 86' lang='lat' dir='ltr'><strong>atque</strong></span> <span class='ocrx_word' id='word_1_268' title='bbox 636 2105 862 2145; x_wconf 85' lang='lat' dir='ltr'><strong>disserendi</strong></span> <span class='ocrx_word' id='word_1_269' title='bbox 906 2108 1113 2148; x_wconf 77' lang='lat' dir='ltr'><strong>molestias</strong></span> <span class='ocrx_word' id='word_1_270' title='bbox 1160 2114 1380 2161; x_wconf 78' lang='lat' dir='ltr'><strong>pertaesus</strong></span> 
     </span>
     <span class='ocr_line' id='line_1_35' title="bbox 35 2161 1274 2220; baseline 0.002 -17"><span class='ocrx_word' id='word_1_271' title='bbox 35 2168 160 2203; x_wconf 86' lang='lat' dir='ltr'><strong>totam</strong></span> <span class='ocrx_word' id='word_1_272' title='bbox 190 2162 504 2213; x_wconf 83' lang='lat' dir='ltr'><strong>disputationem</strong></span> <span class='ocrx_word' id='word_1_273' title='bbox 537 2161 708 2214; x_wconf 87' lang='lat' dir='ltr'><strong>denique</strong></span> <span class='ocrx_word' id='word_1_274' title='bbox 734 2163 775 2206; x_wconf 86' lang='lat' dir='ltr'><strong>in</strong></span> <span class='ocrx_word' id='word_1_275' title='bbox 805 2162 939 2202; x_wconf 87' lang='lat' dir='ltr'><strong>medio</strong></span> <span class='ocrx_word' id='word_1_276' title='bbox 966 2166 1169 2218; x_wconf 83' lang='lat' dir='ltr'><strong>relinquat</strong></span> <span class='ocrx_word' id='word_1_277' title='bbox 1191 2163 1274 2220; x_wconf 85' lang='grc'>**).</span> 
     </span>
     <span class='ocr_line' id='line_1_36' title="bbox 150 2219 1379 2274; baseline 0.007 -16"><span class='ocrx_word' id='word_1_278' title='bbox 150 2219 420 2272; x_wconf 79' lang='lat' dir='ltr'><strong>Exposuimus</strong></span> <span class='ocrx_word' id='word_1_279' title='bbox 459 2231 574 2270; x_wconf 86' lang='lat' dir='ltr'><strong>quam</strong></span> <span class='ocrx_word' id='word_1_280' title='bbox 613 2219 848 2259; x_wconf 81' lang='lat' dir='ltr'><strong>brevissime</strong></span> <span class='ocrx_word' id='word_1_281' title='bbox 883 2220 934 2261; x_wconf 84' lang='lat' dir='ltr'><strong>de</strong></span> <span class='ocrx_word' id='word_1_282' title='bbox 974 2228 1214 2274; x_wconf 81' lang='lat' dir='ltr'><strong>argumento</strong></span> <span class='ocrx_word' id='word_1_283' title='bbox 1251 2221 1379 2266; x_wconf 76' lang='lat' dir='ltr'><strong>libri:</strong></span> 
     </span>
     <span class='ocr_line' id='line_1_37' title="bbox 40 2276 1425 2334; baseline 0.004 -17"><span class='ocrx_word' id='word_1_284' title='bbox 40 2278 243 2328; x_wconf 71' lang='lat' dir='ltr'><strong>sequitur,</strong></span> <span class='ocrx_word' id='word_1_285' title='bbox 284 2281 332 2317; x_wconf 88' lang='lat' dir='ltr'><strong>ut</strong></span> <span class='ocrx_word' id='word_1_286' title='bbox 369 2276 421 2315; x_wconf 90' lang='lat' dir='ltr'><strong>de</strong></span> <span class='ocrx_word' id='word_1_287' title='bbox 450 2276 629 2318; x_wconf 81' lang='lat' dir='ltr'><strong>eiusdem</strong></span> <span class='ocrx_word' id='word_1_288' title='bbox 659 2278 873 2328; x_wconf 84' lang='lat' dir='ltr'><strong>proposito</strong></span> <span class='ocrx_word' id='word_1_289' title='bbox 902 2282 947 2319; x_wconf 86' lang='lat' dir='ltr'><strong>et</strong></span> <span class='ocrx_word' id='word_1_290' title='bbox 975 2280 1144 2320; x_wconf 81' lang='lat' dir='ltr'><strong>consilio</strong></span> <span class='ocrx_word' id='word_1_291' title='bbox 1173 2281 1378 2334; x_wconf 75' lang='lat' dir='ltr'><strong>explican-</strong></span> <span class='ocrx_word' id='word_1_292' title='bbox 1420 2320 1425 2323; x_wconf 88' lang='lat'>.</span> 
     </span>
     <span class='ocr_line' id='line_1_38' title="bbox 39 2334 1380 2386; baseline 0.004 -13"><span class='ocrx_word' id='word_1_293' title='bbox 39 2334 206 2373; x_wconf 88' lang='lat' dir='ltr'><strong>candum</strong></span> <span class='ocrx_word' id='word_1_294' title='bbox 236 2334 312 2381; x_wconf 79' lang='lat' dir='ltr'><strong>sit,</strong></span> <span class='ocrx_word' id='word_1_295' title='bbox 341 2334 381 2372; x_wconf 90' lang='lat' dir='ltr'><strong>in</strong></span> <span class='ocrx_word' id='word_1_296' title='bbox 410 2346 488 2384; x_wconf 88' lang='lat' dir='ltr'><strong>quo</strong></span> <span class='ocrx_word' id='word_1_297' title='bbox 518 2338 562 2372; x_wconf 82' lang='lat' dir='ltr'><strong>et</strong></span> <span class='ocrx_word' id='word_1_298' title='bbox 589 2334 682 2385; x_wconf 87' lang='lat' dir='ltr'><strong>ipso</strong></span> <span class='ocrx_word' id='word_1_299' title='bbox 710 2347 824 2386; x_wconf 84' lang='lat' dir='ltr'><strong>quam</strong></span> <span class='ocrx_word' id='word_1_300' title='bbox 854 2337 1022 2376; x_wconf 82' lang='lat' dir='ltr'><strong>maxima</strong></span> <span class='ocrx_word' id='word_1_301' title='bbox 1057 2342 1218 2377; x_wconf 87' lang='lat' dir='ltr'><strong>utemur</strong></span> <span class='ocrx_word' id='word_1_302' title='bbox 1246 2340 1380 2379; x_wconf 72' lang='lat' dir='ltr'><strong>bren·-</strong></span> 
     </span>
     <span class='ocr_line' id='line_1_39' title="bbox 39 2390 1381 2442; baseline 0.004 -13"><span class='ocrx_word' id='word_1_303' title='bbox 39 2395 145 2439; x_wconf 70' lang='lat' dir='ltr'><strong>iate,</strong></span> <span class='ocrx_word' id='word_1_304' title='bbox 184 2390 500 2442; x_wconf 83' lang='lat' dir='ltr'><strong>quandoquidem</strong></span> <span class='ocrx_word' id='word_1_305' title='bbox 539 2390 590 2428; x_wconf 88' lang='lat' dir='ltr'><strong>de</strong></span> <span class='ocrx_word' id='word_1_306' title='bbox 627 2390 696 2440; x_wconf 79' lang='lat' dir='ltr'><strong>iis,</strong></span> <span class='ocrx_word' id='word_1_307' title='bbox 735 2403 838 2441; x_wconf 83' lang='lat' dir='ltr'><strong>quae</strong></span> <span class='ocrx_word' id='word_1_308' title='bbox 875 2393 926 2436; x_wconf 86' lang='lat' dir='ltr'><strong>ad</strong></span> <span class='ocrx_word' id='word_1_309' title='bbox 967 2394 1260 2437; x_wconf 82' lang='lat' dir='ltr'><strong>defendendam</strong></span> <span class='ocrx_word' id='word_1_310' title='bbox 1291 2397 1381 2437; x_wconf 78' lang='lat' dir='ltr'><strong>eius</strong></span> 
     </span>
    </p>
   </div>
   <div class='ocr_carea' id='block_1_3' title="bbox 42 2447 1383 2507">
    <p class='ocr_par' dir='ltr' id='par_1_3' title="bbox 42 2447 1383 2507">
     <span class='ocr_line' id='line_1_40' title="bbox 42 2447 1383 2507; baseline 0.007 -21"><span class='ocrx_word' id='word_1_311' title='bbox 42 2448 163 2488; x_wconf 84' lang='lat' dir='ltr'><strong>fidem</strong></span> <span class='ocrx_word' id='word_1_312' title='bbox 198 2451 321 2507; x_wconf 76' lang='lat' dir='ltr'><strong>atque</strong></span> <span class='ocrx_word' id='word_1_313' title='bbox 358 2447 663 2500; x_wconf 79' lang='lat' dir='ltr'><strong>auctoritatem,</strong></span> <span class='ocrx_word' id='word_1_314' title='bbox 700 2461 818 2506; x_wconf 77' lang='lat' dir='ltr'><strong>quam</strong></span> <span class='ocrx_word' id='word_1_315' title='bbox 853 2462 878 2494; x_wconf 79' lang='lat' dir='ltr'><strong>a</strong></span> <span class='ocrx_word' id='word_1_316' title='bbox 904 2450 984 2495; x_wconf 74' lang='lat' dir='ltr'><strong>Fr.</strong></span> <span class='ocrx_word' id='word_1_317' title='bbox 1019 2452 1179 2497; x_wconf 69' lang='lat' dir='ltr'><strong>Actio</strong></span> <span class='ocrx_word' id='word_1_318' title='bbox 1207 2454 1383 2498; x_wconf 71' lang='lat' dir='ltr'><strong>maxime</strong></span> 
     </span>
    </p>
   </div>
   <div class='ocr_carea' id='block_1_4' title="bbox 44 2568 303 2585">
    <p class='ocr_par' dir='ltr' id='par_1_4' title="bbox 44 2568 303 2585">
     <span class='ocr_line' id='line_1_41' title="bbox 44 2568 303 2585; baseline 0.023 -6"><span class='ocrx_word' id='word_1_319' title='bbox 44 2568 303 2585; x_wconf 41' lang='grc' dir='ltr'><strong>-ῄψ</strong></span> 
     </span>
    </p>
   </div>
   <div class='ocr_carea' id='block_1_5' title="bbox 111 2657 665 2774">
    <p class='ocr_par' dir='ltr' id='par_1_5' title="bbox 111 2657 665 2774">
     <span class='ocr_line' id='line_1_42' title="bbox 133 2657 383 2702; baseline 0.028 -11"><span class='ocrx_word' id='word_1_320' title='bbox 133 2657 174 2702; x_wconf 78' lang='lat'><strong>⁰)</strong></span> <span class='ocrx_word' id='word_1_321' title='bbox 198 2661 235 2692; x_wconf 83' lang='lat' dir='ltr'><strong>P.</strong></span> <span class='ocrx_word' id='word_1_322' title='bbox 260 2661 315 2692; x_wconf 80' lang='lat'><strong>14.</strong></span> <span class='ocrx_word' id='word_1_323' title='bbox 339 2662 383 2698; x_wconf 72' lang='grc' dir='ltr'><strong>Ε.</strong></span> 
     </span>
     <span class='ocr_line' id='line_1_43' title="bbox 111 2725 665 2774; baseline 0.016 -15"><span class='ocrx_word' id='word_1_324' title='bbox 111 2725 173 2770; x_wconf 51' lang='lat'><strong>2³⁸)</strong></span> <span class='ocrx_word' id='word_1_325' title='bbox 198 2729 237 2761; x_wconf 77' lang='lat' dir='ltr'><strong>P.</strong></span> <span class='ocrx_word' id='word_1_326' title='bbox 262 2730 320 2767; x_wconf 72' lang='lat'><strong>14.</strong></span> <span class='ocrx_word' id='word_1_327' title='bbox 342 2734 382 2766; x_wconf 82' lang='lat'><strong>0.</strong></span> <span class='ocrx_word' id='word_1_328' title='bbox 406 2741 513 2774; x_wconf 80' lang='lat' dir='ltr'><strong>usque</strong></span> <span class='ocrx_word' id='word_1_329' title='bbox 537 2731 580 2766; x_wconf 71' lang='lat' dir='ltr'><strong>ad</strong></span> <span class='ocrx_word' id='word_1_330' title='bbox 605 2733 665 2768; x_wconf 68' lang='lat' dir='ltr'><strong>flu·</strong></span> 
     </span>
    </p>
   </div>
  </div>
 </body>
</html>
