1624 2904
272 148 329 191 26
733 143 1142 212 ΒΙΞΡΠΤᾼΤΙΟ

275 272 354 314 quo
389 258 671 310 consequitur„
709 260 754 300 ut
795 258 920 296 omnis
957 257 1123 296 tollatur
1158 257 1371 298 mentiendi
1410 257 1593 296 facultas.

275 319 405 359 Acute
432 315 589 366 quidem
617 313 665 353 ad
693 313 792 352 haec
821 315 1034 363 Ctesippus
1063 313 1300 363 respondet,
1330 315 1395 363 qui
1425 315 1594 352 mentia-

277 378 367 421 tur.
395 385 485 412 eum
511 383 578 411 res
608 370 725 408 aliter
754 369 889 407 dicere
919 383 964 407 se
992 369 1142 408 habere
1171 373 1289 418 atque
1318 382 1457 407 revera
1486 382 1593 408 eom-

277 431 437 480 paratae
474 428 567 467 sint.
623 425 704 464 Sed
741 424 1037 476 Dionysodorus
1075 437 1212 464 rursus
1247 425 1331 462 eius
1359 426 1595 463 senteutiam

277 484 552 527 fraudulenter
590 485 844 531 pervertens:
892 482 1054 530 Ergone
1091 486 1132 518 te
1161 493 1327 526 censes,
1366 482 1516 530 inquit,
1545 481 1596 518 de

277 540 398 579 rebus
434 539 612 585 omnibus
648 537 854 576 dicendum
901 549 991 575 esse
1028 537 1159 591 prouti
1197 537 1307 586 ipsae
1350 541 1598 586 comparatae

279 596 386 643 siut,
416 595 495 634 hoc
523 599 611 640 est,
640 593 692 635 de
719 593 834 632 malis
863 593 979 638 male,
1011 593 1060 630 de
1090 592 1200 630 bonis
1232 592 1353 635 bene,
1384 591 1434 629 de
1461 592 1598 630 calidis

278 651 426 699 calide,
463 651 514 690 de
550 649 707 700 frIgidis
744 648 919 700 frigide’!
977 647 1085 686 lstud
1126 647 1280 698 quidem
1317 647 1394 685 dici
1422 660 1500 688 non
1529 659 1601 697 po-

279 711 364 746 test
393 718 508 756 quam
534 705 706 744 absurde
733 705 788 742 ita
817 708 1013 742 statuatur
1042 701 1098 755 *).
1131 725 1177 732 —-
1237 703 1313 741 l-Iic
1344 715 1462 752 quum
1492 704 1598 741 inter

281 763 515 813 Ctesippum
561 765 603 799 et
641 760 956 811 Dionysodorum
1005 760 1133 801 acrior
1178 759 1260 797 rixa
1309 763 1350 796 et
1394 760 1598 797 contentio

281 818 453 866 oriatur,
492 817 680 859 Socrates
715 828 880 866 pugnam
913 815 1135 853 istiusmodi
1163 814 1433 864 prohibiturus
1462 815 1599 853 iocose

282 873 579 918 adolescentem
607 872 806 919 admouet,
839 871 959 909 facile
987 871 1108 914 istud,
1138 870 1240 922 quod
1271 870 1472 920 sophistae
1490 870 1598 907 dixe-

282 930 385 977 riiit,
421 928 668 968 tolerandum
706 928 818 974 sore,
855 927 890 966 si
925 926 1043 964 modo
1084 926 1141 964 illi
1177 927 1229 963 ita
1265 926 1444 965 homines
1475 927 1600 965 sciant

282 985 467 1036 perdere,
495 989 540 1025 ut
568 997 591 1023 e
620 983 732 1023 malis
761 984 858 1022 fiant
877 983 1089 1032 sapientes.
1147 980 1261 1030 Quod
1289 983 1322 1019 si
1356 982 1413 1019 sic
1442 981 1601 1030 habeat,

283 1045 414 1080 semet
454 1042 583 1093 ipsum
622 1041 677 1078 ait
704 1051 782 1078 non
812 1051 903 1076 esse
927 1042 1223 1084 recusaturum,
1260 1038 1351 1086 quin
1377 1037 1416 1075 in
1442 1050 1485 1076 se
1513 1043 1602 1076 tan-

283 1108 400 1146 quam
426 1095 493 1134 vili
522 1107 690 1146 corpore
707 1095 766 1132 rei
787 1094 1004 1145 periculum
1029 1094 1215 1144 capiatur.
1272 1094 1356 1131 Nec
1385 1105 1479 1131 vero
1508 1106 1602 1132 con-

284 1152 394 1191 cedit
422 1152 636 1203 Ctesippus
665 1163 710 1189 se
738 1150 1013 1200 Dionysodoro
1041 1150 1168 1187 fuisse
1196 1149 1357 1191 iratum:
1398 1149 1501 1187 hunc
1539 1153 1601 1187 ta-

283 1220 375 1247 men
405 1207 498 1246 ideo
525 1206 805 1258 reprehendit,
845 1207 934 1256 quia
962 1217 1037 1244 non
1066 1206 1194 1256 possit
1223 1204 1333 1243 serre
1365 1204 1602 1244 dissentien-

284 1268 382 1306 tem.
438 1263 540 1313 Quid
578 1263 698 1313 igitur
732 1263 847 1301 tum‘÷
902 1261 1094 1301 Nimirum
1131 1264 1375 1312 postremum
1402 1261 1480 1299 hoc
1509 1273 1603 1299 ver·-

283 1320 376 1363 bum
411 1317 710 1369 Dionysodorus
748 1329 886 1359 rursus
925 1317 1066 1368 cupide
1093 1318 1253 1367 arripit,
1291 1321 1336 1355 ut
1363 1329 1482 1355 novas
1511 1329 1602 1367 ger-

284 1388 349 1417 ras
387 1376 588 1424 tricasque
628 1375 668 1413 in
707 1373 878 1413 medium
914 1374 1068 1417 afferat,
1121 1373 1251 1423 Negat
1279 1373 1382 1415 enim
1411 1373 1500 1411 fieri
1528 1385 1604 1412 un-

286 1442 402 1480 quam
432 1441 572 1482 posse,
609 1435 656 1470 ut
688 1430 774 1479 quis
803 1430 852 1469 ab
881 1430 1009 1467 altero
1039 1430 1246 1471 dissentiat
1276 1433 1318 1467 et
1347 1434 1484 1470 contra
1513 1441 1602 1467 eum

283 1486 401 1528 dicat.
457 1485 572 1534 Quod
608 1485 766 1538 quidem
804 1485 1038 1534 probaturus
1078 1484 1152 1524 hac
1194 1484 1319 1521 utitur
1354 1491 1603 1534 argumenta-

283 1542 406 1581 tione.
461 1540 505 1582 Si
542 1541 638 1580 nihil
672 1539 904 1590 quidquam,
952 1541 1097 1589 inquit,
1145 1540 1280 1589 negari
1327 1552 1448 1589 posse
1485 1546 1603 1579 antea

283 1601 397 1636 recte
426 1597 648 1644 statuimus,
677 1600 984 1635 consentaneum
1013 1600 1076 1635 est
1103 1607 1153 1634 ne
1182 1595 1316 1634 dicere
1333 1595 1489 1644 quidem
1519 1597 1603 1635 cui-

286 1666 400 1704 quam
438 1657 576 1691 contra
613 1664 831 1703 quenquam
868 1651 1007 1694 licere.
1074 1651 1155 1693 Iam
1192 1663 1288 1688 vero
1327 1652 1376 1698 ii,
1414 1652 1479 1701 qui
1516 1664 1602 1691 rem

287 1709 505 1760 quampiam
532 1712 716 1748 accurate
743 1707 939 1758 cognitam
960 1712 1002 1746 et
1018 1707 1258 1757 exploratam
1283 1707 1443 1754 liabent,
1472 1707 1603 1745 haud-

288 1776 477 1815 quaquam
505 1763 611 1803 inter
636 1765 748 1815 ipsos
777 1763 1023 1803 dissentient.
1080 1763 1157 1812 Qui
1184 1775 1314 1804 amem
1343 1763 1506 1805 eandem
1524 1775 1602 1802 non

287 1820 434 1860 habent
461 1825 735 1871 perspectam,
777 1819 886 1863 nullo
913 1818 1031 1863 modo
1061 1817 1111 1858 de
1139 1818 1276 1856 eadem
1302 1831 1349 1858 re
1374 1819 1602 1869 loquuntur,

286 1881 332 1915 ut
359 1878 463 1922 inter
489 1888 559 1920 eus
589 1876 695 1915 nulla
722 1877 854 1919 locum
883 1874 1031 1917 habeat
1058 1875 1340 1917 sententiarum
1370 1880 1599 1918 controver-

287 1933 358 1971 sia.
414 1932 474 1971 Ex
511 1943 587 1982 quo
623 1931 900 1982 consequitur,
940 1934 985 1969 ut
1016 1931 1127 1969 ‘nulla
1171 1943 1336 1981 prorsus
1373 1930 1599 1981 reperiatur

286 1987 516 2026 iudiciorum
545 1987 739 2029 dissensio
749 1983 826 2040 ⁴¹¹¹).
862 1986 1056 2037 Ctesippo
1075 1987 1151 2026 iam
1170 1986 1326 2031 tandem
1347 1990 1506 2030 tacente
1523 1986 1599 2025 So-

287 2048 416 2083 crates
428 2056 565 2083 rursus
576 2044 743 2094 suscipit
758 2053 996 2082 sermonem.
1024 2039 1165 2082 Monet
1178 2043 1278 2080 enim
1289 2043 1389 2084 hauc
1405 2042 1597 2085 rationem

286 2100 362 2139 iam
392 2096 486 2138 olim
513 2100 756 2151 Protagorae
783 2099 948 2150 aliisque
976 2098 1199 2149 placuisse,
1226 2098 1412 2140 videlicet
1448 2099 1504 2137 ita
1534 2101 1596 2136 te-

285 2160 353 2193 cte
378 2156 627 2206 significans,
663 2155 767 2194 unde
808 2154 988 2194 homines
1016 2153 1123 2197 istud
1151 2158 1230 2195 tam
1261 2153 1504 2205 praeclarum
1533 2154 1598 2192 in-

285 2215 444 2256 ventum
481 2211 737 2262 repetierint;
776 2209 918 2254 deinde
954 2213 1083 2249 autem
1123 2209 1163 2248 id
1199 2210 1302 2260 agit,
1339 2213 1383 2248 ut
1415 2221 1484 2248 cos
1513 2210 1595 2247 suis

284 2267 462 2317 ipsorum
499 2267 650 2318 laqueis
689 2266 858 2310 irretiat.
922 2265 1108 2317 Disputat
1141 2266 1259 2316 igitur
1293 2266 1334 2307 in
1374 2264 1479 2303 hunc
1500 2265 1597 2304 ¹fere

285 2323 455 2366 modum.
521 2322 565 2362 Si
602 2334 744 2371 nemo,
781 2322 930 2373 inquit,
959 2321 1060 2364 falsa
1088 2321 1223 2360 dicere
1249 2333 1416 2370 unquam
1446 2325 1596 2373 potest,

285 2379 460 2424 videmur
488 2391 539 2423 ne
568 2377 720 2435 opinari
746 2377 904 2435 quidem
932 2376 1032 2424 falsa,
1059 2388 1193 2431 posse.
1249 2376 1422 2422 Sublatis
1462 2381 1595 2422 autem

349 2598 383 2639 ⁸)
407 2601 518 2638 Usque
542 2600 582 2630 ad
606 2610 637 2639 p.
663 2601 739 2631 284.
763 2599 807 2632 Ε.

327 2663 384 2706 W)
409 2668 521 2704 {fsque
546 2668 587 2698 ad
614 2677 647 2708 p.
672 2670 749 2706 386,
775 2668 813 2703 R.
