<?xml version="1.0" encoding="UTF-8"?>
<!DOCTYPE html PUBLIC "-//W3C//DTD XHTML 1.0 Transitional//EN"
    "http://www.w3.org/TR/xhtml1/DTD/xhtml1-transitional.dtd">
<html xmlns="http://www.w3.org/1999/xhtml" xml:lang="en" lang="en">
 <head>
  <title>
</title>
<meta http-equiv="Content-Type" content="text/html;charset=utf-8" />
  <meta name='ocr-system' content='tesseract 3.04.00' />
  <meta name='ocr-capabilities' content='ocr_page ocr_carea ocr_par ocr_line ocrx_word'/>
</head>
<body>
  <div class='ocr_page' id='page_1' title='image "./operaomniarecens06platuoft_0229.png"; bbox 0 0 1624 2904; ppageno 0'>
   <div class='ocr_carea' id='block_1_1' title="bbox 484 177 1373 237">
    <p class='ocr_par' dir='ltr' id='par_1_1' title="bbox 484 177 1373 237">
     <span class='ocr_line' id='line_1_1' title="bbox 484 177 1373 237; baseline -0.001 -16"><span class='ocrx_word' id='word_1_1' title='bbox 484 177 562 237; x_wconf 18' lang='lat' dir='ltr'><strong>*ao</strong></span> <span class='ocrx_word' id='word_1_2' title='bbox 588 177 889 223; x_wconf 76' lang='lat' dir='ltr'><strong>MENONEM.</strong></span> <span class='ocrx_word' id='word_1_3' title='bbox 996 219 1013 227; x_wconf 41' lang='lat' dir='ltr'><em>s</em></span> <span class='ocrx_word' id='word_1_4' title='bbox 1316 177 1373 221; x_wconf 71' lang='grc' dir='ltr'><strong>ιε</strong></span> 
     </span>
    </p>
   </div>
   <div class='ocr_carea' id='block_1_2' title="bbox 32 293 1387 692">
    <p class='ocr_par' dir='ltr' id='par_1_2' title="bbox 32 293 1387 692">
     <span class='ocr_line' id='line_1_2' title="bbox 32 293 1378 354; baseline -0.007 -13"><span class='ocrx_word' id='word_1_5' title='bbox 32 299 238 354; x_wconf 72' lang='lat' dir='ltr'>sophistas</span> <span class='ocrx_word' id='word_1_6' title='bbox 268 306 490 347; x_wconf 82' lang='lat' dir='ltr'><strong>eorumque</strong></span> <span class='ocrx_word' id='word_1_7' title='bbox 519 293 739 346; x_wconf 83' lang='lat' dir='ltr'><strong>discipulos</strong></span> <span class='ocrx_word' id='word_1_8' title='bbox 757 293 809 334; x_wconf 87' lang='lat' dir='ltr'><strong>ad</strong></span> <span class='ocrx_word' id='word_1_9' title='bbox 835 293 1109 334; x_wconf 82' lang='lat' dir='ltr'><strong>informandas</strong></span> <span class='ocrx_word' id='word_1_10' title='bbox 1137 305 1273 335; x_wconf 79' lang='lat' dir='ltr'><strong>rernm</strong></span> <span class='ocrx_word' id='word_1_11' title='bbox 1302 303 1378 332; x_wconf 85' lang='lat' dir='ltr'><strong>no·</strong></span> 
     </span>
     <span class='ocr_line' id='line_1_3' title="bbox 34 350 1378 408; baseline -0.007 -10"><span class='ocrx_word' id='word_1_12' title='bbox 34 361 167 402; x_wconf 81' lang='lat' dir='ltr'><strong>tiones</strong></span> <span class='ocrx_word' id='word_1_13' title='bbox 206 351 348 408; x_wconf 75' lang='lat' dir='ltr'><strong>parum</strong></span> <span class='ocrx_word' id='word_1_14' title='bbox 385 353 554 395; x_wconf 81' lang='lat' dir='ltr'><strong>idoneos</strong></span> <span class='ocrx_word' id='word_1_15' title='bbox 592 365 687 391; x_wconf 87' lang='lat' dir='ltr'><strong>esse</strong></span> <span class='ocrx_word' id='word_1_16' title='bbox 724 352 900 403; x_wconf 88' lang='lat' dir='ltr'><strong>ideoque</strong></span> <span class='ocrx_word' id='word_1_17' title='bbox 938 364 990 390; x_wconf 89' lang='lat' dir='ltr'><strong>ne</strong></span> <span class='ocrx_word' id='word_1_18' title='bbox 1017 352 1177 390; x_wconf 81' lang='lat' dir='ltr'><strong>virtutis</strong></span> <span class='ocrx_word' id='word_1_19' title='bbox 1216 350 1378 403; x_wconf 85' lang='lat' dir='ltr'><strong>quidem</strong></span> 
     </span>
     <span class='ocr_line' id='line_1_4' title="bbox 35 409 1380 459; baseline -0.007 -3"><span class='ocrx_word' id='word_1_20' title='bbox 35 428 156 456; x_wconf 84' lang='lat' dir='ltr'><strong>verae</strong></span> <span class='ocrx_word' id='word_1_21' title='bbox 185 412 371 452; x_wconf 81' lang='lat' dir='ltr'><strong>notitiam</strong></span> <span class='ocrx_word' id='word_1_22' title='bbox 398 410 564 451; x_wconf 86' lang='lat' dir='ltr'><strong>habere.</strong></span> <span class='ocrx_word' id='word_1_23' title='bbox 618 409 838 448; x_wconf 80' lang='lat' dir='ltr'><strong>Enimvero</strong></span> <span class='ocrx_word' id='word_1_24' title='bbox 858 409 1064 456; x_wconf 79' lang='lat' dir='ltr'><strong>Socrates,</strong></span> <span class='ocrx_word' id='word_1_25' title='bbox 1095 410 1162 459; x_wconf 86' lang='lat' dir='ltr'><strong>qni</strong></span> <span class='ocrx_word' id='word_1_26' title='bbox 1190 410 1380 447; x_wconf 87' lang='lat' dir='ltr'><strong>virtutem</strong></span> 
     </span>
     <span class='ocr_line' id='line_1_5' title="bbox 35 466 1384 521; baseline -0.005 -10"><span class='ocrx_word' id='word_1_27' title='bbox 35 475 77 514; x_wconf 88' lang='lat' dir='ltr'><strong>in</strong></span> <span class='ocrx_word' id='word_1_28' title='bbox 117 471 212 512; x_wconf 89' lang='lat' dir='ltr'><strong>boni</strong></span> <span class='ocrx_word' id='word_1_29' title='bbox 242 467 474 521; x_wconf 82' lang='lat' dir='ltr'>cognitione</span> <span class='ocrx_word' id='word_1_30' title='bbox 502 471 623 518; x_wconf 83' lang='lat' dir='ltr'><strong>atque</strong></span> <span class='ocrx_word' id='word_1_31' title='bbox 652 471 765 506; x_wconf 88' lang='lat' dir='ltr'><strong>certa</strong></span> <span class='ocrx_word' id='word_1_32' title='bbox 794 466 922 505; x_wconf 80' lang='lat' dir='ltr'><strong>officii</strong></span> <span class='ocrx_word' id='word_1_33' title='bbox 953 467 1218 518; x_wconf 82' lang='lat' dir='ltr'><strong>persuasione</strong></span> <span class='ocrx_word' id='word_1_34' title='bbox 1247 467 1384 505; x_wconf 85' lang='lat' dir='ltr'><strong>inesse</strong></span> 
     </span>
     <span class='ocr_line' id='line_1_6' title="bbox 35 524 1385 578; baseline -0.004 -10"><span class='ocrx_word' id='word_1_35' title='bbox 35 529 223 576; x_wconf 80' lang='lat' dir='ltr'><strong>volebat,</strong></span> <span class='ocrx_word' id='word_1_36' title='bbox 263 538 383 578; x_wconf 89' lang='lat' dir='ltr'><strong>quum</strong></span> <span class='ocrx_word' id='word_1_37' title='bbox 419 524 577 565; x_wconf 86' lang='lat' dir='ltr'><strong>omnino</strong></span> <span class='ocrx_word' id='word_1_38' title='bbox 608 524 825 567; x_wconf 68' lang='lat' dir='ltr'><strong>definiendi</strong></span> <span class='ocrx_word' id='word_1_39' title='bbox 861 524 1139 563; x_wconf 81' lang='lat' dir='ltr'><strong>consuetudini</strong></span> <span class='ocrx_word' id='word_1_40' title='bbox 1170 524 1385 575; x_wconf 89' lang='lat' dir='ltr'><strong>plurimum</strong></span> 
     </span>
     <span class='ocr_line' id='line_1_7' title="bbox 37 580 1387 632; baseline -0.007 -4"><span class='ocrx_word' id='word_1_41' title='bbox 37 587 265 632; x_wconf 83' lang='lat' dir='ltr'><strong>tribueret,</strong></span> <span class='ocrx_word' id='word_1_42' title='bbox 294 588 379 622; x_wconf 88' lang='lat' dir='ltr'><strong>tum</strong></span> <span class='ocrx_word' id='word_1_43' title='bbox 408 583 527 622; x_wconf 86' lang='lat' dir='ltr'><strong>etiam</strong></span> <span class='ocrx_word' id='word_1_44' title='bbox 556 583 747 622; x_wconf 87' lang='lat' dir='ltr'><strong>virtutem</strong></span> <span class='ocrx_word' id='word_1_45' title='bbox 777 581 983 620; x_wconf 85' lang='lat' dir='ltr'><strong>statuebat</strong></span> <span class='ocrx_word' id='word_1_46' title='bbox 1010 582 1066 620; x_wconf 91' lang='lat' dir='ltr'><strong>ita</strong></span> <span class='ocrx_word' id='word_1_47' title='bbox 1100 580 1261 620; x_wconf 88' lang='lat' dir='ltr'><strong>demum</strong></span> <span class='ocrx_word' id='word_1_48' title='bbox 1289 592 1387 619; x_wconf 88' lang='lat' dir='ltr'><strong>con·</strong></span> 
     </span>
     <span class='ocr_line' id='line_1_8' title="bbox 42 637 1387 692; baseline -0.005 -9"><span class='ocrx_word' id='word_1_49' title='bbox 42 646 279 687; x_wconf 73' lang='lat' dir='ltr'><strong>suminatam</strong></span> <span class='ocrx_word' id='word_1_50' title='bbox 309 652 401 679; x_wconf 85' lang='lat' dir='ltr'><strong>esse</strong></span> <span class='ocrx_word' id='word_1_51' title='bbox 438 643 559 690; x_wconf 85' lang='lat' dir='ltr'><strong>atque</strong></span> <span class='ocrx_word' id='word_1_52' title='bbox 590 639 846 692; x_wconf 77' lang='lat' dir='ltr'><strong>perfectam,</strong></span> <span class='ocrx_word' id='word_1_53' title='bbox 886 639 922 678; x_wconf 89' lang='lat' dir='ltr'><strong>si</strong></span> <span class='ocrx_word' id='word_1_54' title='bbox 951 639 1039 690; x_wconf 87' lang='lat' dir='ltr'><strong>quis</strong></span> <span class='ocrx_word' id='word_1_55' title='bbox 1066 639 1174 677; x_wconf 88' lang='lat' dir='ltr'><strong>recti</strong></span> <span class='ocrx_word' id='word_1_56' title='bbox 1203 637 1387 676; x_wconf 82' lang='lat' dir='ltr'><strong>honesti·</strong></span> 
     </span>
    </p>
   </div>
   <div class='ocr_carea' id='block_1_3' title="bbox 42 695 1391 810">
    <p class='ocr_par' dir='ltr' id='par_1_3' title="bbox 42 695 1391 810">
     <span class='ocr_line' id='line_1_9' title="bbox 43 695 1390 755; baseline -0.007 -14"><span class='ocrx_word' id='word_1_57' title='bbox 43 714 137 755; x_wconf 43' lang='lat' dir='ltr'><strong>que-</strong></span> <span class='ocrx_word' id='word_1_58' title='bbox 161 710 324 739; x_wconf 85' lang='lat' dir='ltr'><strong>sensum</strong></span> <span class='ocrx_word' id='word_1_59' title='bbox 371 695 435 746; x_wconf 55' lang='lat' dir='ltr'><strong>ad„</strong></span> <span class='ocrx_word' id='word_1_60' title='bbox 465 698 763 749; x_wconf 81' lang='lat' dir='ltr'><strong>generaliorum</strong></span> <span class='ocrx_word' id='word_1_61' title='bbox 806 697 1012 735; x_wconf 89' lang='lat' dir='ltr'><strong>notionum</strong></span> <span class='ocrx_word' id='word_1_62' title='bbox 1052 695 1390 746; x_wconf 78' lang='lat' dir='ltr'><strong>perspicuitatem</strong></span> 
     </span>
     <span class='ocr_line' id='line_1_10' title="bbox 42 752 1391 810; baseline -0.005 -13"><span class='ocrx_word' id='word_1_63' title='bbox 42 763 166 810; x_wconf 86' lang='lat' dir='ltr'><strong>atque</strong></span> <span class='ocrx_word' id='word_1_64' title='bbox 194 755 427 794; x_wconf 86' lang='lat' dir='ltr'><strong>firmitatem</strong></span> <span class='ocrx_word' id='word_1_65' title='bbox 465 755 669 806; x_wconf 87' lang='lat' dir='ltr'><strong>explicare</strong></span> <span class='ocrx_word' id='word_1_66' title='bbox 710 758 867 806; x_wconf 80' lang='lat' dir='ltr'><strong>posset.</strong></span> <span class='ocrx_word' id='word_1_67' title='bbox 908 766 944 796; x_wconf 85' lang='lat' dir='ltr'><strong>v.</strong></span> <span class='ocrx_word' id='word_1_68' title='bbox 973 752 1262 794; x_wconf 82' lang='lat' dir='ltr'><strong>Aristotel.</strong></span> <span class='ocrx_word' id='word_1_69' title='bbox 1292 752 1391 791; x_wconf 88' lang='lat' dir='ltr'><strong>Me-</strong></span> 
     </span>
    </p>
   </div>
   <div class='ocr_carea' id='block_1_4' title="bbox 45 809 1422 1893">
    <p class='ocr_par' dir='ltr' id='par_1_4' title="bbox 45 809 1422 1893">
     <span class='ocr_line' id='line_1_11' title="bbox 45 809 1391 867; baseline -0.004 -14"><span class='ocrx_word' id='word_1_70' title='bbox 45 814 159 867; x_wconf 85' lang='lat' dir='ltr'><strong>taph.</strong></span> <span class='ocrx_word' id='word_1_71' title='bbox 195 811 303 854; x_wconf 87' lang='lat' dir='ltr'><strong>XIII.</strong></span> <span class='ocrx_word' id='word_1_72' title='bbox 341 811 382 853; x_wconf 81' lang='lat'><strong>4.</strong></span> <span class='ocrx_word' id='word_1_73' title='bbox 419 815 463 850; x_wconf 86' lang='lat' dir='ltr'><strong>et</strong></span> <span class='ocrx_word' id='word_1_74' title='bbox 501 811 727 851; x_wconf 85' lang='lat' dir='ltr'><strong>Brandis</strong></span> <span class='ocrx_word' id='word_1_75' title='bbox 763 811 900 850; x_wconf 84' lang='lat' dir='ltr'><strong>Musei</strong></span> <span class='ocrx_word' id='word_1_76' title='bbox 938 810 1123 849; x_wconf 84' lang='lat' dir='ltr'><strong>Rhenani</strong></span> <span class='ocrx_word' id='word_1_77' title='bbox 1162 809 1257 851; x_wconf 88' lang='lat' dir='ltr'><strong>Vol.</strong></span> <span class='ocrx_word' id='word_1_78' title='bbox 1292 811 1319 849; x_wconf 87' lang='lat' dir='ltr'><strong>I.</strong></span> <span class='ocrx_word' id='word_1_79' title='bbox 1350 822 1391 859; x_wconf 87' lang='lat' dir='ltr'><strong>p.</strong></span> 
     </span>
     <span class='ocr_line' id='line_1_12' title="bbox 48 866 1393 922; baseline -0.005 -10"><span class='ocrx_word' id='word_1_80' title='bbox 48 871 130 913; x_wconf 67' lang='lat'><strong>142</strong></span> <span class='ocrx_word' id='word_1_81' title='bbox 166 883 254 922; x_wconf 86' lang='lat' dir='ltr'><strong>sqq.</strong></span> <span class='ocrx_word' id='word_1_82' title='bbox 298 869 390 908; x_wconf 87' lang='lat' dir='ltr'><strong>coll.</strong></span> <span class='ocrx_word' id='word_1_83' title='bbox 429 881 470 920; x_wconf 88' lang='lat' dir='ltr'><strong>p.</strong></span> <span class='ocrx_word' id='word_1_84' title='bbox 502 870 597 911; x_wconf 70' lang='lat'>1:31.</span> <span class='ocrx_word' id='word_1_85' title='bbox 628 869 696 907; x_wconf 89' lang='lat' dir='ltr'><strong>ubi</strong></span> <span class='ocrx_word' id='word_1_86' title='bbox 724 869 830 907; x_wconf 86' lang='lat' dir='ltr'><strong>inter</strong></span> <span class='ocrx_word' id='word_1_87' title='bbox 859 869 935 906; x_wconf 88' lang='lat' dir='ltr'><strong>alia</strong></span> <span class='ocrx_word' id='word_1_88' title='bbox 967 868 1198 920; x_wconf 87' lang='lat' dir='ltr'><strong>praeclare:</strong></span> <span class='ocrx_word' id='word_1_89' title='bbox 1259 866 1393 916; x_wconf 47' lang='lat' dir='ltr'><strong>,sTu-</strong></span> 
     </span>
     <span class='ocr_line' id='line_1_13' title="bbox 47 925 1396 983; baseline -0.004 -15"><span class='ocrx_word' id='word_1_90' title='bbox 47 925 316 983; x_wconf 82' lang='lat' dir='ltr'><strong>geudhaft</strong></span> <span class='ocrx_word' id='word_1_91' title='bbox 353 925 573 966; x_wconf 85' lang='lat' dir='ltr'><strong>handelt</strong></span> <span class='ocrx_word' id='word_1_92' title='bbox 610 926 738 965; x_wconf 88' lang='lat' dir='ltr'><strong>nach</strong></span> <span class='ocrx_word' id='word_1_93' title='bbox 777 925 1030 964; x_wconf 85' lang='lat' dir='ltr'><strong>Socrates</strong></span> <span class='ocrx_word' id='word_1_94' title='bbox 1059 925 1256 972; x_wconf 86' lang='lat' dir='ltr'><strong>Lehre,</strong></span> <span class='ocrx_word' id='word_1_95' title='bbox 1293 935 1396 962; x_wconf 85' lang='lat' dir='ltr'><strong>wer</strong></span> 
     </span>
     <span class='ocr_line' id='line_1_14' title="bbox 50 982 1398 1034; baseline -0.003 -10"><span class='ocrx_word' id='word_1_96' title='bbox 50 986 144 1026; x_wconf 86' lang='lat' dir='ltr'><strong>mit</strong></span> <span class='ocrx_word' id='word_1_97' title='bbox 190 983 513 1023; x_wconf 84' lang='lat' dir='ltr'><strong>deutlichem</strong></span> <span class='ocrx_word' id='word_1_98' title='bbox 573 996 680 1022; x_wconf 91' lang='lat' dir='ltr'><strong>zum</strong></span> <span class='ocrx_word' id='word_1_99' title='bbox 731 982 960 1034; x_wconf 79' lang='lat' dir='ltr'><strong>Begriff</strong></span> <span class='ocrx_word' id='word_1_100' title='bbox 1015 982 1398 1034; x_wconf 77' lang='lat' dir='ltr'><strong>gesteigerten</strong></span> 
     </span>
     <span class='ocr_line' id='line_1_15' title="bbox 50 1037 1400 1083; baseline -0.004 0"><span class='ocrx_word' id='word_1_101' title='bbox 50 1041 416 1083; x_wconf 74' lang='lat' dir='ltr'><strong>Bewusstuein</strong></span> <span class='ocrx_word' id='word_1_102' title='bbox 444 1052 541 1079; x_wconf 92' lang='lat' dir='ltr'><strong>von</strong></span> <span class='ocrx_word' id='word_1_103' title='bbox 567 1040 659 1080; x_wconf 87' lang='lat' dir='ltr'><strong>der</strong></span> <span class='ocrx_word' id='word_1_104' title='bbox 689 1039 1035 1079; x_wconf 84' lang='lat' dir='ltr'><strong>Sittlichkeit</strong></span> <span class='ocrx_word' id='word_1_105' title='bbox 1063 1039 1164 1079; x_wconf 91' lang='lat' dir='ltr'><strong>und</strong></span> <span class='ocrx_word' id='word_1_106' title='bbox 1192 1037 1400 1078; x_wconf 83' lang='lat' dir='ltr'><strong>P-flicht</strong></span> 
     </span>
     <span class='ocr_line' id='line_1_16' title="bbox 53 1096 1401 1149; baseline -0.004 -9"><span class='ocrx_word' id='word_1_107' title='bbox 53 1099 152 1140; x_wconf 89' lang='lat' dir='ltr'><strong>und</strong></span> <span class='ocrx_word' id='word_1_108' title='bbox 190 1099 280 1138; x_wconf 88' lang='lat' dir='ltr'><strong>mit</strong></span> <span class='ocrx_word' id='word_1_109' title='bbox 316 1098 570 1137; x_wconf 85' lang='lat' dir='ltr'><strong>Einsicht</strong></span> <span class='ocrx_word' id='word_1_110' title='bbox 605 1097 882 1149; x_wconf 71' lang='lat' dir='ltr'><strong>handelt.“</strong></span> <span class='ocrx_word' id='word_1_111' title='bbox 940 1097 1082 1148; x_wconf 87' lang='lat' dir='ltr'><strong>Itaque</strong></span> <span class='ocrx_word' id='word_1_112' title='bbox 1118 1096 1240 1135; x_wconf 86' lang='lat' dir='ltr'><strong>facile</strong></span> <span class='ocrx_word' id='word_1_113' title='bbox 1269 1108 1401 1147; x_wconf 85' lang='lat' dir='ltr'><strong>appa-</strong></span> 
     </span>
     <span class='ocr_line' id='line_1_17' title="bbox 55 1154 1403 1208; baseline -0.005 -11"><span class='ocrx_word' id='word_1_114' title='bbox 55 1160 144 1205; x_wconf 86' lang='lat' dir='ltr'><strong>ret,</strong></span> <span class='ocrx_word' id='word_1_115' title='bbox 171 1154 266 1208; x_wconf 85' lang='lat' dir='ltr'><strong>quid</strong></span> <span class='ocrx_word' id='word_1_116' title='bbox 295 1155 371 1204; x_wconf 83' lang='lat' dir='ltr'><strong>sit,</strong></span> <span class='ocrx_word' id='word_1_117' title='bbox 407 1155 515 1206; x_wconf 86' lang='lat' dir='ltr'><strong>quod</strong></span> <span class='ocrx_word' id='word_1_118' title='bbox 543 1155 668 1204; x_wconf 78' lang='lat' dir='ltr'><strong>Meno</strong></span> <span class='ocrx_word' id='word_1_119' title='bbox 698 1167 878 1194; x_wconf 88' lang='lat' dir='ltr'><strong>summae</strong></span> <span class='ocrx_word' id='word_1_120' title='bbox 906 1154 986 1194; x_wconf 87' lang='lat' dir='ltr'><strong>boc</strong></span> <span class='ocrx_word' id='word_1_121' title='bbox 1015 1155 1054 1193; x_wconf 89' lang='lat' dir='ltr'><strong>in</strong></span> <span class='ocrx_word' id='word_1_122' title='bbox 1084 1166 1238 1206; x_wconf 82' lang='lat' dir='ltr'><strong>genere</strong></span> <span class='ocrx_word' id='word_1_123' title='bbox 1266 1154 1403 1204; x_wconf 89' lang='lat' dir='ltr'><strong>impe-</strong></span> 
     </span>
     <span class='ocr_line' id='line_1_18' title="bbox 57 1210 1405 1265; baseline -0.004 -12"><span class='ocrx_word' id='word_1_124' title='bbox 57 1214 177 1262; x_wconf 84' lang='lat' dir='ltr'><strong>ritiae</strong></span> <span class='ocrx_word' id='word_1_125' title='bbox 205 1216 337 1265; x_wconf 21' lang='lat' dir='ltr'><strong>atque*</strong></span> <span class='ocrx_word' id='word_1_126' title='bbox 367 1213 540 1253; x_wconf 87' lang='lat' dir='ltr'><strong>inertiae</strong></span> <span class='ocrx_word' id='word_1_127' title='bbox 570 1213 833 1254; x_wconf 79' lang='lat' dir='ltr'><strong>convincitur.</strong></span> <span class='ocrx_word' id='word_1_128' title='bbox 890 1211 990 1250; x_wconf 87' lang='lat' dir='ltr'><strong>Nam</strong></span> <span class='ocrx_word' id='word_1_129' title='bbox 1016 1213 1083 1263; x_wconf 91' lang='lat' dir='ltr'><strong>qui</strong></span> <span class='ocrx_word' id='word_1_130' title='bbox 1106 1213 1147 1250; x_wconf 89' lang='lat' dir='ltr'><strong>in</strong></span> <span class='ocrx_word' id='word_1_131' title='bbox 1179 1210 1405 1250; x_wconf 82' lang='lat' dir='ltr'><strong>definienda</strong></span> 
     </span>
     <span class='ocr_line' id='line_1_19' title="bbox 59 1268 1405 1319; baseline -0.003 -9"><span class='ocrx_word' id='word_1_132' title='bbox 59 1270 218 1310; x_wconf 88' lang='lat' dir='ltr'><strong>virtutis</strong></span> <span class='ocrx_word' id='word_1_133' title='bbox 246 1270 413 1310; x_wconf 86' lang='lat' dir='ltr'><strong>notione</strong></span> <span class='ocrx_word' id='word_1_134' title='bbox 430 1269 590 1311; x_wconf 79' lang='lat' dir='ltr'><strong>vacillat</strong></span> <span class='ocrx_word' id='word_1_135' title='bbox 610 1273 692 1309; x_wconf 85' lang='lat' dir='ltr'><strong>tam</strong></span> <span class='ocrx_word' id='word_1_136' title='bbox 722 1270 873 1308; x_wconf 86' lang='lat' dir='ltr'><strong>misere</strong></span> <span class='ocrx_word' id='word_1_137' title='bbox 891 1272 1129 1319; x_wconf 80' lang='lat' dir='ltr'><strong>temereque</strong></span> <span class='ocrx_word' id='word_1_138' title='bbox 1160 1269 1340 1314; x_wconf 86' lang='lat' dir='ltr'><strong>oberrat,</strong></span> <span class='ocrx_word' id='word_1_139' title='bbox 1369 1268 1405 1306; x_wconf 86' lang='lat' dir='ltr'><strong>is</strong></span> 
     </span>
     <span class='ocr_line' id='line_1_20' title="bbox 63 1325 1409 1377; baseline -0.004 -10"><span class='ocrx_word' id='word_1_140' title='bbox 63 1331 179 1367; x_wconf 86' lang='lat' dir='ltr'><strong>certe</strong></span> <span class='ocrx_word' id='word_1_141' title='bbox 208 1338 258 1367; x_wconf 82' lang='lat' dir='ltr'><strong>ex</strong></span> <span class='ocrx_word' id='word_1_142' title='bbox 272 1325 452 1365; x_wconf 86' lang='lat' dir='ltr'><strong>Socratis</strong></span> <span class='ocrx_word' id='word_1_143' title='bbox 481 1327 684 1367; x_wconf 87' lang='lat' dir='ltr'><strong>sententia</strong></span> <span class='ocrx_word' id='word_1_144' title='bbox 710 1327 840 1377; x_wconf 81' lang='lat' dir='ltr'><strong>ipsam</strong></span> <span class='ocrx_word' id='word_1_145' title='bbox 869 1327 1031 1376; x_wconf 84' lang='lat' dir='ltr'><strong>penitus</strong></span> <span class='ocrx_word' id='word_1_146' title='bbox 1048 1326 1208 1376; x_wconf 82' lang='lat' dir='ltr'><strong>ignoret</strong></span> <span class='ocrx_word' id='word_1_147' title='bbox 1236 1336 1409 1364; x_wconf 87' lang='lat' dir='ltr'><strong>necesse</strong></span> 
     </span>
     <span class='ocr_line' id='line_1_21' title="bbox 67 1380 1410 1435; baseline -0.003 -12"><span class='ocrx_word' id='word_1_148' title='bbox 67 1380 144 1424; x_wconf 86' lang='lat' dir='ltr'><strong>est.</strong></span> <span class='ocrx_word' id='word_1_149' title='bbox 201 1382 293 1425; x_wconf 85' lang='lat' dir='ltr'><strong>Huc</strong></span> <span class='ocrx_word' id='word_1_150' title='bbox 323 1382 503 1432; x_wconf 83' lang='lat' dir='ltr'><strong>accedit,</strong></span> <span class='ocrx_word' id='word_1_151' title='bbox 533 1382 639 1435; x_wconf 88' lang='lat' dir='ltr'><strong>quod</strong></span> <span class='ocrx_word' id='word_1_152' title='bbox 669 1383 946 1434; x_wconf 85' lang='lat' dir='ltr'><strong>sophistarum</strong></span> <span class='ocrx_word' id='word_1_153' title='bbox 976 1383 1157 1423; x_wconf 84' lang='lat' dir='ltr'><strong>alumnus</strong></span> <span class='ocrx_word' id='word_1_154' title='bbox 1187 1394 1237 1421; x_wconf 91' lang='lat' dir='ltr'><strong>eo</strong></span> <span class='ocrx_word' id='word_1_155' title='bbox 1268 1393 1410 1420; x_wconf 90' lang='lat' dir='ltr'><strong>errore</strong></span> 
     </span>
     <span class='ocr_line' id='line_1_22' title="bbox 69 1440 1412 1491; baseline -0.004 -10"><span class='ocrx_word' id='word_1_156' title='bbox 69 1440 314 1481; x_wconf 86' lang='lat' dir='ltr'><strong>constrictus</strong></span> <span class='ocrx_word' id='word_1_157' title='bbox 345 1443 530 1488; x_wconf 80' lang='lat' dir='ltr'><strong>tenetur,</strong></span> <span class='ocrx_word' id='word_1_158' title='bbox 567 1445 614 1479; x_wconf 91' lang='lat' dir='ltr'><strong>ut</strong></span> <span class='ocrx_word' id='word_1_159' title='bbox 649 1440 804 1482; x_wconf 88' lang='lat' dir='ltr'><strong>civilem</strong></span> <span class='ocrx_word' id='word_1_160' title='bbox 847 1441 1038 1482; x_wconf 84' lang='lat' dir='ltr'><strong>virtutem</strong></span> <span class='ocrx_word' id='word_1_161' title='bbox 1068 1453 1179 1479; x_wconf 89' lang='lat' dir='ltr'><strong>suam</strong></span> <span class='ocrx_word' id='word_1_162' title='bbox 1210 1452 1286 1491; x_wconf 84' lang='lat' dir='ltr'><strong>pro</strong></span> <span class='ocrx_word' id='word_1_163' title='bbox 1316 1451 1412 1477; x_wconf 78' lang='lat' dir='ltr'><strong>vera</strong></span> 
     </span>
     <span class='ocr_line' id='line_1_23' title="bbox 73 1496 1413 1549; baseline -0.003 -11"><span class='ocrx_word' id='word_1_164' title='bbox 73 1498 289 1539; x_wconf 80' lang='lat' dir='ltr'><strong>honestate</strong></span> <span class='ocrx_word' id='word_1_165' title='bbox 317 1500 439 1548; x_wconf 78' lang='lat' dir='ltr'><strong>atque</strong></span> <span class='ocrx_word' id='word_1_166' title='bbox 457 1497 662 1549; x_wconf 80' lang='lat' dir='ltr'><strong>probitate</strong></span> <span class='ocrx_word' id='word_1_167' title='bbox 677 1497 825 1539; x_wconf 83' lang='lat' dir='ltr'><strong>habeat</strong></span> <span class='ocrx_word' id='word_1_168' title='bbox 840 1496 1016 1548; x_wconf 80' lang='lat' dir='ltr'><strong>ideoque</strong></span> <span class='ocrx_word' id='word_1_169' title='bbox 1039 1497 1091 1539; x_wconf 85' lang='lat' dir='ltr'><strong>de</strong></span> <span class='ocrx_word' id='word_1_170' title='bbox 1109 1510 1185 1536; x_wconf 89' lang='lat' dir='ltr'><strong>una</strong></span> <span class='ocrx_word' id='word_1_171' title='bbox 1212 1496 1413 1536; x_wconf 87' lang='lat' dir='ltr'><strong>commodi</strong></span> 
     </span>
     <span class='ocr_line' id='line_1_24' title="bbox 74 1554 1414 1606; baseline -0.002 -11"><span class='ocrx_word' id='word_1_172' title='bbox 74 1559 118 1595; x_wconf 86' lang='lat' dir='ltr'><strong>et</strong></span> <span class='ocrx_word' id='word_1_173' title='bbox 139 1554 324 1593; x_wconf 79' lang='lat' dir='ltr'><strong>utilitatis</strong></span> <span class='ocrx_word' id='word_1_174' title='bbox 342 1554 646 1606; x_wconf 85' lang='lat' dir='ltr'><strong>consequendae</strong></span> <span class='ocrx_word' id='word_1_175' title='bbox 666 1554 863 1597; x_wconf 82' lang='lat' dir='ltr'><strong>facultate</strong></span> <span class='ocrx_word' id='word_1_176' title='bbox 879 1554 1079 1606; x_wconf 78' lang='lat' dir='ltr'><strong>quuatur,</strong></span> <span class='ocrx_word' id='word_1_177' title='bbox 1117 1555 1316 1604; x_wconf 78' lang='lat' dir='ltr'><strong>Quocirca</strong></span> <span class='ocrx_word' id='word_1_178' title='bbox 1335 1554 1414 1592; x_wconf 87' lang='lat' dir='ltr'><strong>du-</strong></span> 
     </span>
     <span class='ocr_line' id='line_1_25' title="bbox 71 1611 1416 1666; baseline 0 -16"><span class='ocrx_word' id='word_1_179' title='bbox 71 1612 171 1666; x_wconf 85' lang='lat' dir='ltr'><strong>plici</strong></span> <span class='ocrx_word' id='word_1_180' title='bbox 197 1612 358 1652; x_wconf 89' lang='lat' dir='ltr'><strong>nomine</strong></span> <span class='ocrx_word' id='word_1_181' title='bbox 387 1612 473 1655; x_wconf 89' lang='lat' dir='ltr'><strong>eius</strong></span> <span class='ocrx_word' id='word_1_182' title='bbox 504 1612 724 1662; x_wconf 81' lang='lat' dir='ltr'><strong>disputatio</strong></span> <span class='ocrx_word' id='word_1_183' title='bbox 752 1611 1074 1662; x_wconf 84' lang='lat' dir='ltr'><strong>reprehensione</strong></span> <span class='ocrx_word' id='word_1_184' title='bbox 1102 1612 1223 1663; x_wconf 86' lang='lat' dir='ltr'><strong>digna</strong></span> <span class='ocrx_word' id='word_1_185' title='bbox 1251 1616 1330 1660; x_wconf 87' lang='lat' dir='ltr'><strong>est,</strong></span> <span class='ocrx_word' id='word_1_186' title='bbox 1361 1611 1416 1650; x_wconf 86' lang='lat' dir='ltr'><strong>si-</strong></span> 
     </span>
     <span class='ocr_line' id='line_1_26' title="bbox 75 1668 1416 1721; baseline -0.001 -14"><span class='ocrx_word' id='word_1_187' title='bbox 75 1668 236 1721; x_wconf 88' lang='lat' dir='ltr'><strong>quidem</strong></span> <span class='ocrx_word' id='word_1_188' title='bbox 285 1681 360 1708; x_wconf 89' lang='lat' dir='ltr'><strong>nec</strong></span> <span class='ocrx_word' id='word_1_189' title='bbox 407 1669 503 1720; x_wconf 89' lang='lat' dir='ltr'><strong>quid</strong></span> <span class='ocrx_word' id='word_1_190' title='bbox 549 1668 649 1712; x_wconf 89' lang='lat' dir='ltr'><strong>illud</strong></span> <span class='ocrx_word' id='word_1_191' title='bbox 688 1669 763 1718; x_wconf 80' lang='lat' dir='ltr'><strong>sit,</strong></span> <span class='ocrx_word' id='word_1_192' title='bbox 800 1669 851 1710; x_wconf 90' lang='lat' dir='ltr'><strong>de</strong></span> <span class='ocrx_word' id='word_1_193' title='bbox 889 1681 968 1720; x_wconf 83' lang='lat' dir='ltr'><strong>quo</strong></span> <span class='ocrx_word' id='word_1_194' title='bbox 1008 1669 1245 1716; x_wconf 74' lang='lat' dir='ltr'><strong>disseritur,</strong></span> <span class='ocrx_word' id='word_1_195' title='bbox 1285 1668 1416 1707; x_wconf 90' lang='lat' dir='ltr'><strong>animo</strong></span> 
     </span>
     <span class='ocr_line' id='line_1_27' title="bbox 74 1724 1420 1778; baseline 0 -13"><span class='ocrx_word' id='word_1_196' title='bbox 74 1730 190 1774; x_wconf 78' lang='lat' dir='ltr'><strong>recte</strong></span> <span class='ocrx_word' id='word_1_197' title='bbox 217 1724 476 1769; x_wconf 83' lang='lat' dir='ltr'><strong>informatum</strong></span> <span class='ocrx_word' id='word_1_198' title='bbox 502 1730 632 1773; x_wconf 88' lang='lat' dir='ltr'><strong>tenet,</strong></span> <span class='ocrx_word' id='word_1_199' title='bbox 661 1739 737 1769; x_wconf 85' lang='lat' dir='ltr'><strong>nec</strong></span> <span class='ocrx_word' id='word_1_200' title='bbox 767 1739 843 1778; x_wconf 85' lang='lat' dir='ltr'><strong>qua</strong></span> <span class='ocrx_word' id='word_1_201' title='bbox 862 1727 924 1769; x_wconf 84' lang='lat' dir='ltr'><strong>via</strong></span> <span class='ocrx_word' id='word_1_202' title='bbox 953 1729 996 1765; x_wconf 88' lang='lat' dir='ltr'><strong>et</strong></span> <span class='ocrx_word' id='word_1_203' title='bbox 1023 1727 1182 1766; x_wconf 84' lang='lat' dir='ltr'><strong>ratione</strong></span> <span class='ocrx_word' id='word_1_204' title='bbox 1212 1726 1420 1765; x_wconf 86' lang='lat' dir='ltr'><strong>disseren-</strong></span> 
     </span>
     <span class='ocr_line' id='line_1_28' title="bbox 78 1783 1422 1836; baseline 0 -14"><span class='ocrx_word' id='word_1_205' title='bbox 78 1783 172 1822; x_wconf 90' lang='lat' dir='ltr'><strong>dum</strong></span> <span class='ocrx_word' id='word_1_206' title='bbox 209 1783 285 1831; x_wconf 86' lang='lat' dir='ltr'><strong>sit,</strong></span> <span class='ocrx_word' id='word_1_207' title='bbox 327 1783 435 1822; x_wconf 88' lang='lat' dir='ltr'><strong>clare</strong></span> <span class='ocrx_word' id='word_1_208' title='bbox 476 1783 682 1835; x_wconf 78' lang='lat' dir='ltr'><strong>intelligit.</strong></span> <span class='ocrx_word' id='word_1_209' title='bbox 739 1784 972 1836; x_wconf 79' lang='lat' dir='ltr'><strong>Quanquam</strong></span> <span class='ocrx_word' id='word_1_210' title='bbox 1001 1784 1169 1823; x_wconf 85' lang='lat' dir='ltr'><strong>subinde</strong></span> <span class='ocrx_word' id='word_1_211' title='bbox 1200 1797 1222 1822; x_wconf 90' lang='lat' dir='ltr'><strong>a</strong></span> <span class='ocrx_word' id='word_1_212' title='bbox 1251 1783 1422 1822; x_wconf 87' lang='lat' dir='ltr'><strong>Socrate</strong></span> 
     </span>
     <span class='ocr_line' id='line_1_29' title="bbox 81 1840 1422 1893; baseline 0 -14"><span class='ocrx_word' id='word_1_213' title='bbox 81 1844 236 1880; x_wconf 84' lang='lat' dir='ltr'><strong>rectam</strong></span> <span class='ocrx_word' id='word_1_214' title='bbox 266 1841 461 1883; x_wconf 82' lang='lat' dir='ltr'><strong>rationem</strong></span> <span class='ocrx_word' id='word_1_215' title='bbox 491 1840 838 1883; x_wconf 72' lang='lat' dir='ltr'><strong>commonefactus</strong></span> <span class='ocrx_word' id='word_1_216' title='bbox 879 1854 973 1880; x_wconf 89' lang='lat' dir='ltr'><strong>sese</strong></span> <span class='ocrx_word' id='word_1_217' title='bbox 1003 1854 1081 1880; x_wconf 91' lang='lat' dir='ltr'><strong>non</strong></span> <span class='ocrx_word' id='word_1_218' title='bbox 1112 1842 1272 1880; x_wconf 89' lang='lat' dir='ltr'><strong>omnino</strong></span> <span class='ocrx_word' id='word_1_219' title='bbox 1304 1854 1422 1893; x_wconf 88' lang='lat' dir='ltr'><strong>prae-</strong></span> 
     </span>
    </p>
   </div>
   <div class='ocr_carea' id='block_1_5' title="bbox 82 1896 1425 2008">
    <p class='ocr_par' dir='ltr' id='par_1_5' title="bbox 82 1896 1425 2008">
     <span class='ocr_line' id='line_1_30' title="bbox 82 1896 1425 1955; baseline 0.002 -20"><span class='ocrx_word' id='word_1_220' title='bbox 82 1897 157 1938; x_wconf 85' lang='lat' dir='ltr'><strong>bet</strong></span> <span class='ocrx_word' id='word_1_221' title='bbox 184 1896 412 1939; x_wconf 85' lang='lat' dir='ltr'><strong>indocilem.</strong></span> <span class='ocrx_word' id='word_1_222' title='bbox 469 1897 554 1954; x_wconf 73' lang='lat' dir='ltr'><strong>Sed</strong></span> <span class='ocrx_word' id='word_1_223' title='bbox 589 1898 791 1942; x_wconf 85' lang='lat' dir='ltr'><strong>videamus</strong></span> <span class='ocrx_word' id='word_1_224' title='bbox 829 1899 958 1955; x_wconf 84' lang='lat' dir='ltr'><strong>ipsius</strong></span> <span class='ocrx_word' id='word_1_225' title='bbox 996 1899 1281 1955; x_wconf 80' lang='lat' dir='ltr'><strong>disputationis</strong></span> <span class='ocrx_word' id='word_1_226' title='bbox 1311 1898 1425 1938; x_wconf 78' lang='lat' dir='ltr'><strong>ordi-</strong></span> 
     </span>
     <span class='ocr_line' id='line_1_31' title="bbox 86 1957 555 2008; baseline 0.004 -15"><span class='ocrx_word' id='word_1_227' title='bbox 86 1965 180 1993; x_wconf 86' lang='lat' dir='ltr'><strong>nem</strong></span> <span class='ocrx_word' id='word_1_228' title='bbox 209 1957 252 1992; x_wconf 90' lang='lat' dir='ltr'><strong>et</strong></span> <span class='ocrx_word' id='word_1_229' title='bbox 279 1965 555 2008; x_wconf 73' lang='lat' dir='ltr'><strong>progressum.</strong></span> 
     </span>
    </p>
   </div>
   <div class='ocr_carea' id='block_1_6' title="bbox 90 2029 1446 2546">
    <p class='ocr_par' dir='ltr' id='par_1_6' title="bbox 90 2029 1446 2546">
     <span class='ocr_line' id='line_1_32' title="bbox 204 2029 1429 2085; baseline 0.002 -14"><span class='ocrx_word' id='word_1_230' title='bbox 204 2031 250 2075; x_wconf 90' lang='lat' dir='ltr'><strong>In</strong></span> <span class='ocrx_word' id='word_1_231' title='bbox 279 2029 478 2084; x_wconf 83' lang='lat' dir='ltr'><strong>principio</strong></span> <span class='ocrx_word' id='word_1_232' title='bbox 509 2034 632 2085; x_wconf 83' lang='lat' dir='ltr'><strong>igitur</strong></span> <span class='ocrx_word' id='word_1_233' title='bbox 662 2037 859 2076; x_wconf 85' lang='lat' dir='ltr'><strong>sermonis</strong></span> <span class='ocrx_word' id='word_1_234' title='bbox 889 2035 1015 2075; x_wconf 91' lang='lat' dir='ltr'><strong>Meno</strong></span> <span class='ocrx_word' id='word_1_235' title='bbox 1058 2035 1270 2077; x_wconf 81' lang='lat' dir='ltr'><strong>Socratem</strong></span> <span class='ocrx_word' id='word_1_236' title='bbox 1299 2036 1429 2075; x_wconf 86' lang='lat' dir='ltr'><strong>inter-</strong></span> 
     </span>
     <span class='ocr_line' id='line_1_33' title="bbox 90 2091 1434 2145; baseline 0 -14"><span class='ocrx_word' id='word_1_237' title='bbox 90 2094 223 2142; x_wconf 72' lang='lat' dir='ltr'><strong>rogat,</strong></span> <span class='ocrx_word' id='word_1_238' title='bbox 255 2102 349 2132; x_wconf 85' lang='lat' dir='ltr'><strong>num</strong></span> <span class='ocrx_word' id='word_1_239' title='bbox 378 2091 558 2144; x_wconf 85' lang='lat' dir='ltr'><strong>videatur</strong></span> <span class='ocrx_word' id='word_1_240' title='bbox 586 2093 624 2131; x_wconf 89' lang='lat' dir='ltr'><strong>ei</strong></span> <span class='ocrx_word' id='word_1_241' title='bbox 651 2094 779 2134; x_wconf 82' lang='lat' dir='ltr'><strong>virtus</strong></span> <span class='ocrx_word' id='word_1_242' title='bbox 809 2094 947 2136; x_wconf 86' lang='lat' dir='ltr'><strong>doceri</strong></span> <span class='ocrx_word' id='word_1_243' title='bbox 976 2106 1100 2145; x_wconf 88' lang='lat' dir='ltr'><strong>posse</strong></span> <span class='ocrx_word' id='word_1_244' title='bbox 1128 2106 1177 2131; x_wconf 87' lang='lat' dir='ltr'><strong>an</strong></span> <span class='ocrx_word' id='word_1_245' title='bbox 1207 2105 1298 2133; x_wconf 81' lang='lat' dir='ltr'><strong>non.</strong></span> <span class='ocrx_word' id='word_1_246' title='bbox 1358 2093 1434 2132; x_wconf 87' lang='lat' dir='ltr'><strong>Cui</strong></span> 
     </span>
     <span class='ocr_line' id='line_1_34' title="bbox 91 2146 1435 2202; baseline 0.001 -14"><span class='ocrx_word' id='word_1_247' title='bbox 91 2147 161 2188; x_wconf 87' lang='lat' dir='ltr'><strong>hic</strong></span> <span class='ocrx_word' id='word_1_248' title='bbox 188 2146 412 2202; x_wconf 83' lang='lat' dir='ltr'><strong>respondet</strong></span> <span class='ocrx_word' id='word_1_249' title='bbox 441 2147 773 2200; x_wconf 69' lang='lat' dir='ltr'><strong>prudentissime,</strong></span> <span class='ocrx_word' id='word_1_250' title='bbox 813 2152 889 2190; x_wconf 89' lang='lat' dir='ltr'><strong>sibi</strong></span> <span class='ocrx_word' id='word_1_251' title='bbox 924 2164 975 2189; x_wconf 92' lang='lat' dir='ltr'><strong>ne</strong></span> <span class='ocrx_word' id='word_1_252' title='bbox 1014 2150 1064 2189; x_wconf 93' lang='lat' dir='ltr'><strong>de</strong></span> <span class='ocrx_word' id='word_1_253' title='bbox 1102 2150 1261 2192; x_wconf 84' lang='lat' dir='ltr'><strong>virtutis</strong></span> <span class='ocrx_word' id='word_1_254' title='bbox 1293 2154 1435 2191; x_wconf 76' lang='lat' dir='ltr'><strong>natura</strong></span> 
     </span>
     <span class='ocr_line' id='line_1_35' title="bbox 95 2203 1437 2260; baseline 0.003 -17"><span class='ocrx_word' id='word_1_255' title='bbox 95 2203 257 2256; x_wconf 84' lang='lat' dir='ltr'><strong>quidem</strong></span> <span class='ocrx_word' id='word_1_256' title='bbox 295 2205 392 2244; x_wconf 82' lang='lat' dir='ltr'><strong>satis</strong></span> <span class='ocrx_word' id='word_1_257' title='bbox 432 2209 641 2255; x_wconf 78' lang='lat' dir='ltr'><strong>constare,</strong></span> <span class='ocrx_word' id='word_1_258' title='bbox 678 2208 854 2260; x_wconf 84' lang='lat' dir='ltr'><strong>ideoque</strong></span> <span class='ocrx_word' id='word_1_259' title='bbox 890 2208 1162 2249; x_wconf 83' lang='lat' dir='ltr'><strong>necessarium</strong></span> <span class='ocrx_word' id='word_1_260' title='bbox 1199 2206 1351 2256; x_wconf 79' lang='lat' dir='ltr'><strong>videri,</strong></span> <span class='ocrx_word' id='word_1_261' title='bbox 1390 2212 1437 2247; x_wconf 86' lang='lat' dir='ltr'><strong>ut</strong></span> 
     </span>
     <span class='ocr_line' id='line_1_36' title="bbox 98 2260 1437 2316; baseline 0.001 -14"><span class='ocrx_word' id='word_1_262' title='bbox 98 2266 194 2302; x_wconf 77' lang='lat' dir='ltr'><strong>ante</strong></span> <span class='ocrx_word' id='word_1_263' title='bbox 222 2262 354 2303; x_wconf 87' lang='lat' dir='ltr'><strong>omnia</strong></span> <span class='ocrx_word' id='word_1_264' title='bbox 381 2260 434 2300; x_wconf 86' lang='lat' dir='ltr'><strong>de</strong></span> <span class='ocrx_word' id='word_1_265' title='bbox 463 2261 540 2300; x_wconf 86' lang='lat' dir='ltr'><strong>hac</strong></span> <span class='ocrx_word' id='word_1_266' title='bbox 566 2275 615 2302; x_wconf 86' lang='lat' dir='ltr'><strong>re</strong></span> <span class='ocrx_word' id='word_1_267' title='bbox 643 2264 790 2316; x_wconf 83' lang='lat' dir='ltr'><strong>aliquid</strong></span> <span class='ocrx_word' id='word_1_268' title='bbox 819 2266 923 2306; x_wconf 86' lang='lat' dir='ltr'><strong>certi</strong></span> <span class='ocrx_word' id='word_1_269' title='bbox 953 2266 1195 2316; x_wconf 84' lang='lat' dir='ltr'><strong>exquiratur.</strong></span> <span class='ocrx_word' id='word_1_270' title='bbox 1255 2264 1437 2304; x_wconf 85' lang='lat' dir='ltr'><strong>Consen-</strong></span> 
     </span>
     <span class='ocr_line' id='line_1_37' title="bbox 100 2318 1440 2372; baseline 0 -11"><span class='ocrx_word' id='word_1_271' title='bbox 100 2319 155 2361; x_wconf 76' lang='lat' dir='ltr'><strong>tit</strong></span> <span class='ocrx_word' id='word_1_272' title='bbox 180 2318 331 2367; x_wconf 85' lang='lat' dir='ltr'><strong>Meno,</strong></span> <span class='ocrx_word' id='word_1_273' title='bbox 369 2318 442 2362; x_wconf 86' lang='lat' dir='ltr'><strong>sed</strong></span> <span class='ocrx_word' id='word_1_274' title='bbox 479 2320 749 2372; x_wconf 81' lang='lat' dir='ltr'><strong>interrogatus</strong></span> <span class='ocrx_word' id='word_1_275' title='bbox 787 2335 810 2361; x_wconf 87' lang='lat' dir='ltr'><strong>a</strong></span> <span class='ocrx_word' id='word_1_276' title='bbox 839 2322 1010 2367; x_wconf 84' lang='lat' dir='ltr'><strong>Socrate</strong></span> <span class='ocrx_word' id='word_1_277' title='bbox 1040 2323 1280 2361; x_wconf 78' lang='lat' dir='ltr'><strong>sententiam</strong></span> <span class='ocrx_word' id='word_1_278' title='bbox 1329 2336 1440 2361; x_wconf 89' lang='lat' dir='ltr'><strong>suam</strong></span> 
     </span>
     <span class='ocr_line' id='line_1_38' title="bbox 103 2375 1442 2432; baseline 0.001 -16"><span class='ocrx_word' id='word_1_279' title='bbox 103 2375 252 2417; x_wconf 80' lang='lat' dir='ltr'><strong>iterum</strong></span> <span class='ocrx_word' id='word_1_280' title='bbox 277 2377 505 2428; x_wconf 78' lang='lat' dir='ltr'><strong>iterumque</strong></span> <span class='ocrx_word' id='word_1_281' title='bbox 542 2377 788 2427; x_wconf 80' lang='lat' dir='ltr'><strong>ignorantiae</strong></span> <span class='ocrx_word' id='word_1_282' title='bbox 825 2383 946 2432; x_wconf 86' lang='lat' dir='ltr'><strong>atque</strong></span> <span class='ocrx_word' id='word_1_283' title='bbox 975 2381 1146 2422; x_wconf 82' lang='lat' dir='ltr'><strong>inertiae</strong></span> <span class='ocrx_word' id='word_1_284' title='bbox 1181 2393 1333 2431; x_wconf 81' lang='lat' dir='ltr'><strong>poenas</strong></span> <span class='ocrx_word' id='word_1_285' title='bbox 1374 2380 1442 2418; x_wconf 85' lang='lat' dir='ltr'><strong>dat</strong></span> 
     </span>
     <span class='ocr_line' id='line_1_39' title="bbox 106 2431 1444 2488; baseline 0.004 -18"><span class='ocrx_word' id='word_1_286' title='bbox 106 2433 358 2484; x_wconf 83' lang='lat' dir='ltr'><strong>gravissimas</strong></span> <span class='ocrx_word' id='word_1_287' title='bbox 387 2431 444 2488; x_wconf 85' lang='lat'><strong>*).</strong></span> <span class='ocrx_word' id='word_1_288' title='bbox 510 2432 686 2475; x_wconf 86' lang='lat' dir='ltr'><strong>Primum</strong></span> <span class='ocrx_word' id='word_1_289' title='bbox 725 2438 829 2476; x_wconf 88' lang='lat' dir='ltr'><strong>enim</strong></span> <span class='ocrx_word' id='word_1_290' title='bbox 868 2442 1004 2488; x_wconf 85' lang='lat' dir='ltr'><strong>partes</strong></span> <span class='ocrx_word' id='word_1_291' title='bbox 1049 2450 1139 2476; x_wconf 85' lang='lat' dir='ltr'><strong>cnm</strong></span> <span class='ocrx_word' id='word_1_292' title='bbox 1170 2451 1320 2488; x_wconf 81' lang='lat' dir='ltr'><strong>genere</strong></span> <span class='ocrx_word' id='word_1_293' title='bbox 1349 2449 1444 2475; x_wconf 87' lang='lat' dir='ltr'><strong>con-</strong></span> 
     </span>
     <span class='ocr_line' id='line_1_40' title="bbox 108 2489 1446 2546; baseline 0.002 -18"><span class='ocrx_word' id='word_1_294' title='bbox 108 2489 282 2529; x_wconf 81' lang='lat' dir='ltr'><strong>fundens</strong></span> <span class='ocrx_word' id='word_1_295' title='bbox 311 2502 387 2542; x_wconf 88' lang='lat' dir='ltr'><strong>pro</strong></span> <span class='ocrx_word' id='word_1_296' title='bbox 416 2491 600 2531; x_wconf 84' lang='lat' dir='ltr'><strong>universa</strong></span> <span class='ocrx_word' id='word_1_297' title='bbox 628 2494 774 2532; x_wconf 79' lang='lat' dir='ltr'><strong>virtute</strong></span> <span class='ocrx_word' id='word_1_298' title='bbox 803 2494 922 2534; x_wconf 86' lang='lat' dir='ltr'><strong>affert</strong></span> <span class='ocrx_word' id='word_1_299' title='bbox 950 2496 1121 2534; x_wconf 79' lang='lat' dir='ltr'><strong>virtutes</strong></span> <span class='ocrx_word' id='word_1_300' title='bbox 1151 2496 1326 2546; x_wconf 82' lang='lat' dir='ltr'><strong>singulas</strong></span> <span class='ocrx_word' id='word_1_301' title='bbox 1358 2495 1446 2545; x_wconf 71' lang='lat' dir='ltr'><strong>viri,</strong></span> 
     </span>
    </p>
   </div>
   <div class='ocr_carea' id='block_1_7' title="bbox 111 2544 1449 2605">
    <p class='ocr_par' dir='ltr' id='par_1_7' title="bbox 111 2544 1449 2605">
     <span class='ocr_line' id='line_1_41' title="bbox 111 2544 1449 2605; baseline 0.005 -21"><span class='ocrx_word' id='word_1_302' title='bbox 111 2544 308 2596; x_wconf 75' lang='lat' dir='ltr'><strong>feminae,</strong></span> <span class='ocrx_word' id='word_1_303' title='bbox 336 2548 546 2599; x_wconf 80' lang='lat' dir='ltr'><strong>iuvenum,</strong></span> <span class='ocrx_word' id='word_1_304' title='bbox 574 2561 734 2602; x_wconf 83' lang='lat' dir='ltr'><strong>senum,</strong></span> <span class='ocrx_word' id='word_1_305' title='bbox 758 2552 1046 2605; x_wconf 72' lang='lat' dir='ltr'><strong>ingenuorum,</strong></span> <span class='ocrx_word' id='word_1_306' title='bbox 1073 2565 1304 2604; x_wconf 73' lang='lat' dir='ltr'><strong>servorum,</strong></span> <span class='ocrx_word' id='word_1_307' title='bbox 1331 2551 1449 2592; x_wconf 89' lang='lat' dir='ltr'><strong>ideo-</strong></span> 
     </span>
    </p>
   </div>
   <div class='ocr_carea' id='block_1_8' title="bbox 116 2667 375 2677">
    <p class='ocr_par' dir='ltr' id='par_1_8' title="bbox 116 2667 375 2677">
     <span class='ocr_line' id='line_1_42' title="bbox 116 2667 375 2677; baseline 0 227"><span class='ocrx_word' id='word_1_308' title='bbox 116 2667 375 2677; x_wconf 95' lang='lat' dir='ltr'><strong> </strong></span> 
     </span>
    </p>
   </div>
   <div class='ocr_carea' id='block_1_9' title="bbox 187 2757 566 2800">
    <p class='ocr_par' dir='ltr' id='par_1_9' title="bbox 187 2757 566 2800">
     <span class='ocr_line' id='line_1_43' title="bbox 187 2757 566 2800; baseline -0.003 0"><span class='ocrx_word' id='word_1_309' title='bbox 187 2757 222 2800; x_wconf 78' lang='lat' dir='ltr'><strong>*J</strong></span> <span class='ocrx_word' id='word_1_310' title='bbox 246 2759 285 2792; x_wconf 79' lang='grc' dir='ltr'><strong>ι’.</strong></span> <span class='ocrx_word' id='word_1_311' title='bbox 310 2762 352 2792; x_wconf 72' lang='grc' dir='ltr'><strong>το</strong></span> <span class='ocrx_word' id='word_1_312' title='bbox 377 2777 421 2788; x_wconf 89' lang='grc'>-</span> <span class='ocrx_word' id='word_1_313' title='bbox 446 2764 500 2797; x_wconf 82' lang='grc' dir='ltr'><strong>τι.</strong></span> <span class='ocrx_word' id='word_1_314' title='bbox 527 2764 566 2799; x_wconf 80' lang='grc' dir='ltr'><strong>Β.</strong></span> 
     </span>
    </p>
   </div>
  </div>
 </body>
</html>
