1624 2904
476 98 558 142 ao
587 97 931 166 1110110011.
1250 97 1267 107 ”
1294 96 1383 142 221

39 216 104 257 los
141 214 228 256 elus
264 214 461 256 arbitratu
498 225 575 255 suo
610 213 677 255 vel
706 215 904 267 provehat
931 216 972 256 in
1002 211 1198 256 discendo
1223 212 1290 255 vel
1311 226 1388 254 re·-

42 279 238 314 moretur.
294 274 409 312 Hanc
446 285 543 312 vero
582 274 818 314 sententiam
849 273 1031 313 Platonis
1061 273 1114 313 de
1144 285 1192 312 ea
1219 284 1269 312 re
1297 272 1388 325 opi-

42 332 151 371 nioni
189 330 291 369 adeo
329 332 568 370 contrariam
607 331 745 382 ecquis
785 331 863 370 sibi
901 331 1164 383 persuadebit
1200 330 1250 369 ab
1294 330 1389 382 ipso

45 388 290 441 philosopho
329 389 515 440 potuisse
549 387 712 427 defendi
752 392 875 440 atque
905 389 1102 441 peculiari
1129 387 1270 429 libello
1298 387 1395 428 illu·
1455 408 1457 410 ·

43 446 199 486 strari‘}
253 445 344 484 Hoc
373 458 468 484 vero
496 445 623 484 multo
651 446 782 485 minus
812 450 996 485 statuere
1025 446 1186 492 licebit,
1222 445 1292 485 ubi
1320 449 1395 485 to-

44 507 127 543 tam
168 503 453 554 scriptionem,
491 508 536 542 ut
573 515 648 555 par
686 507 776 552 est,
812 503 862 543 ad
903 503 1084 542 Socratis
1114 501 1397 542 defensionem

45 561 255 613 pertinere
289 561 606 600 iudicaverimus.
674 560 788 601 Talis
829 563 935 601 enim
974 561 1162 601 defensio
1203 559 1398 613 profecto

47 618 148 658 nihil
184 617 335 657 habere
376 618 510 670 potuit
547 617 753 666 utilitatis,
793 619 868 658 sed
906 618 1047 658 debuit
1082 618 1219 671 potius
1248 617 1400 657 confir·-

47 687 160 715 mare
188 679 464 714 accusatorum
497 675 686 724 crimina,
719 676 787 728 qui
815 677 927 716 illum
958 688 1083 716 novos
1112 676 1214 715 deos
1253 674 1401 714 crede·

49 745 99 773 re
113 737 366 784 ‚arguerent
438 733 551 783 Quae
591 733 626 772 si
655 746 751 772 vere
779 733 1091 786 disputavimus,
1121 731 1401 784 consequitur,

50 789 157 842 quod
175 793 292 828 antea
310 790 583 838 iudicavimus,
613 790 746 842 ipsum
771 792 1003 843 scriptionis
1021 795 1300 842 argumentum
1316 789 1401 829 tale

50 860 169 894 esse,
208 847 315 898 quod
345 849 383 887 in
415 847 624 887 Platonem
654 850 867 888 convenire
902 849 1013 888 nullo
1044 847 1166 887 modo
1204 847 1403 887 videatur.

162 903 451 956 Progrchmur
487 905 538 944 ad
577 906 870 946 examinandam
905 907 1126 955 rationem,
1165 918 1243 957 qua
1272 908 1407 944 mate-

50 962 135 1001 ries
185 963 323 1014 operis
370 967 542 1002 tractata
580 967 657 1004 est.
727 963 806 1002 Hic
844 976 942 1004 vero
988 964 1105 1016 plura
1143 967 1263 1012 sunt,
1303 972 1408 1014 quae

53 1031 214 1070 gravem
260 1033 470 1059 censuram
516 1026 852 1063 commereantur.
919 1022 1027 1061 Ante
1074 1021 1208 1060 omnia
1260 1024 1407 1059 notare

53 1076 193 1116 licebit
230 1078 543 1117 amfractuosam
567 1078 685 1116 istam
716 1083 837 1130 atque
867 1077 1050 1118 diffusam
1081 1076 1309 1117 disserendi
1336 1089 1409 1116 ra-

55 1135 232 1182 tionem,
276 1148 378 1186 quae
417 1134 523 1174 haud
553 1136 691 1186 paucis
721 1136 761 1174 in
791 1136 892 1175 locis
923 1136 1096 1175 molesta
1127 1135 1289 1176 accidit.
1345 1133 1408 1174 Ea

55 1192 134 1231 iam
163 1192 256 1230 inde
284 1205 307 1230 a
338 1193 535 1245 principio
565 1192 659 1231 libri
688 1205 727 1243 p.
760 1193 854 1234 121.
884 1193 931 1237 Β,
963 1192 1224 1232 animaduerti
1251 1194 1409 1257 potest,

56 1250 126 1288 ubi
155 1254 419 1301 posteaquam
449 1249 705 1288 Demodocus
735 1250 835 1289 dixit
855 1244 1010 1302 Ἴωμεν
1039 1246 1120 1300 δή,
1151 1242 1184 1289 ὦ
1214 1243 1410 1304 Σώκρα-

51 1320 150 1354 τες,
187 1306 303 1345 ambo
347 1320 394 1347 se
434 1307 475 1346 in
513 1307 615 1346 viam
654 1307 752 1346 dare
782 1311 825 1346 et
855 1309 1056 1359 porticum
1084 1306 1244 1359 ingredi
1272 1305 1412 1345 existi-

57 1363 190 1404 mandi
220 1368 341 1403 sunt:
376 1364 484 1417 quod
522 1364 614 1403 dum
646 1364 826 1413 faciunt,
855 1365 1026 1416 piscium
1056 1365 1139 1404 ritu
1166 1377 1219 1403 ne
1247 1363 1414 1402 hiscunt

58 1421 244 1473 quidemt
277 1421 351 1461 sed
389 1422 578 1461 confecto
613 1422 759 1461 itinere
798 1423 876 1461 iam
915 1428 1039 1474 rupto
1069 1422 1231 1462 silentio
1260 1421 1414 1459 Demo·

62 1480 190 1518 docus
230 1479 389 1531 longam
438 1479 713 1518 deblatterare
742 1481 919 1519 instituit
949 1482 1189 1528 orationem,
1218 1491 1296 1531 qua
1327 1477 1410 1517 So-

60 1536 164 1575 crati
198 1535 406 1588 eleganter
446 1536 604 1576 scilicet
638 1536 890 1577 demonstrat
941 1538 1266 1589 procreationem
1308 1534 1413 1575 libe-

58 1605 196 1634 rorum
227 1607 320 1633 esse
348 1594 601 1643 facillimam,
631 1594 911 1634 educationem
944 1608 1083 1634 eorum
1115 1594 1412 1637 difficillimam.

59 1650 145 1691 Sed
181 1664 267 1690 eam
307 1652 581 1702 garrulitatem
611 1664 825 1703 sanequam
866 1665 1006 1704 parum
1023 1653 1266 1704 -elegantem
1295 1650 1415 1690 nolu-

60 1721 150 1748 mus
169 1711 284 1749 nimis
305 1721 472 1760 urgere,
504 1721 619 1762 quam
651 1714 768 1748 erunt
797 1710 864 1761 qui
882 1711 920 1748 in
941 1722 1068 1761 opere
1085 1709 1260 1758 iuvenili,
1294 1707 1415 1760 quale

62 1767 143 1808 hoc
180 1767 415 1806 Sochero
455 1771 497 1805 et
535 1766 793 1805 K-nebelio
833 1768 961 1806 visum
1011 1772 1096 1816 est,
1147 1765 1414 1807 excusandam

64 1826 326 1866 arbitrentur.
385 1823 671 1863 Luculentiora
701 1829 794 1863 sunt
816 1825 935 1873 vitia,
968 1838 1091 1876 quae,
1123 1825 1158 1863 si
1187 1824 1281 1878 quid
1310 1822 1415 1865 iudi-

65 1895 161 1922 care
200 1895 388 1934 possum,
426 1882 547 1920 talem
588 1883 884 1920 excusationem
923 1895 1002 1921 11011
1031 1883 1219 1927 habeant.
1277 1882 1417 1932 Quor-

67 1953 157 1982 sum
191 1939 452 1978 referendum
484 1944 549 1977 est
578 1930 747 1976 maxime
775 1939 898 1988 illud,
928 1941 1034 1990 quod
1066 1953 1144 1979 non
1176 1952 1302 1991 pauca
1332 1938 1417 1976 dis-

70 1997 271 2052 putationi
321 1996 619 2042 immiscentur,
667 2008 770 2046 quae
808 1995 858 2035 ad
906 2003 1165 2047 praesentem
1207 1996 1418 2035 materiam

70 2055 172 2097 nihil
221 2054 439 2106 pertinent.
516 2024 620 2102 Quid
670 2053 805 2093 enim?
851 2056 1171 2093 narratiunculae
1220 2054 1314 2093 illae
1365 2052 1418 2093 de

69 2112 242 2155 vatidica
285 2110 483 2149 daemonii
527 2110 566 2148 vi
606 2121 736 2151 11011110
784 2123 952 2162 prorsus
1009 2112 1182 2151 absurde
1237 2111 1421 2151 intrusae

46 2171 196 2212 ‚sunt‘ss
275 2168 492 2207 Enimvero
538 2180 625 2206 rem
685 2169 719 2207 si
767 2174 956 2208 accurate
1003 2168 1290 2220 perpenderis,
1350 2181 1421 2208 eas

71 2228 224 2268 videbis
281 2225 381 2265 nihil
438 2237 605 2277 prorsus
661 2226 795 2265 valere
851 2226 902 2264 ad
959 2226 1311 2267 demonstrandum
1364 2226 1422 2276 id,

75 2287 189 2326 cuius
226 2295 346 2322 causa
384 2282 448 2322 vel
485 2283 654 2321 maxime
687 2284 1008 2335 interponuntur.
1077 2285 1300 2324 Constituit
1338 2283 1422 2324 So-

76 2349 236 2389 crates,
273 2345 319 2380 ut
354 2341 444 2391 ipse
483 2340 660 2388 fatetur,
699 2340 848 2380 docere
887 2347 1008 2393 atque
1052 2355 1256 2393 exponere
1295 2354 1423 2396 penes

77 2399 330 2440 daemonium
369 2411 485 2447 esse,
515 2404 647 2436 utrum
684 2397 878 2449 discipuli
905 2401 967 2439 sui
1006 2400 1045 2438 in
1083 2401 1304 2451 sapientiae
1334 2404 1424 2438 stu-

81 2457 149 2497 dio
186 2456 398 2509 proficiant
435 2468 574 2494 necne.
643 2454 732 2493 Hoc
772 2457 894 2508 igitur
932 2463 978 2496 ut
1009 2457 1159 2496 clarum
1192 2461 1234 2496 et
1263 2456 1424 2508 perspi-

82 2527 199 2553 cuum
237 2514 384 2562 faciat,
416 2512 688 2563 compluribus
719 2514 910 2565 exemplis
946 2515 1133 2555 evincere
1162 2514 1300 2554 studet
1329 2526 1426 2552 sae-

75 2571 301 2622 'penumero
352 2583 398 2610 se
448 2570 657 2612 daemonio
704 2572 934 2612 instinctum
981 2572 1245 2611 familiaribus
1288 2570 1427 2609 futura

85 2628 188 2667 mala
216 2628 473 2680 praedixisse.
540 2626 693 2668 Verum
730 2628 810 2667 hoc
847 2629 965 2682 quid,
1003 2631 1201 2677 obsecro,
1231 2629 1426 2667 momenti

85 2684 187 2726 facit
214 2685 265 2726 ad
291 2685 414 2735 illud,
443 2685 552 2738 quod
579 2685 829 2727 daemonium
854 2687 942 2726 vult
971 2687 1093 2727 etiam
1122 2687 1164 2726 111
1201 2697 1275 2725 eos
1302 2685 1431 2738 pluri-
