1624 2904
245 114 302 154 24
701 109 1124 163 ιιιειἪΤιιΤιοΔ

251 222 479 275 quirendum
526 233 681 275 verum,
721 235 796 262 non
834 223 882 269 ad
916 223 1049 267 fucum
1086 223 1307 263 hominibus
1344 225 1567 264 faciendum

254 292 345 318 esse
374 283 649 330 comparatam.
706 278 827 330 Redit
862 284 992 318 antem
1029 293 1179 330 summa
1215 293 1376 329 eorum,
1415 294 1514 332 qnae
1545 295 1567 319 a

254 333 421 375 Socrate
449 335 712 391 explicantur,
741 335 830 385 fere
857 337 949 385 huc,

366 435 513 483 Omnes
548 436 750 485 homines,
789 437 938 487 inquit,
976 435 1207 474 felicitatem
1249 440 1451 487 expetunt.
1508 437 1569 474 Ea

254 503 350 531 vero
389 496 575 532 censetur
609 491 879 543 possessione·
904 493 1111 530 bonorum.
1177 491 1255 529 Sed
1297 493 1385 542 quid
1427 493 1568 530 bonum

256 549 330 596 sit,
366 549 458 599 quid
496 548 663 596 malum,
704 548 754 586 de
793 561 840 587 eo
870 550 1126 586 maxima—est
1158 549 1380 597 opinionum
1412 549 1571 585 dissen-

255 604 329 643 sio.
386 605 440 643 Et
466 605 583 655 vulgo
612 604 768 655 quidem
798 605 978 650 divitiae,
1010 615 1200 653 prospera
1229 604 1435 650 valetudo,
1478 603 1570 653 pul-

256 659 412 699 critudo
440 660 644 711 corporis,
678 662 835 711 generis
875 660 1079 706 nobilitas,
1118 661 1294 708 potentia
1325 665 1366 697 et
1395 659 1570 696 aucum-i-

258 718 320 754 tas
348 728 423 767 pro
453 716 566 755 bonis
592 716 801 754 habentur.
858 715 942 753 Nec
971 727 1064 752 iero
1094 714 1262 753 dubitari
1294 720 1449 764 pottst.
1479 715 1570 764 quin

259 773 545 828 temperantia,
575 772 750 820 iustitia,
787 771 1003 818 foititudo,
1044 771 1233 820 sapientia
1263 776 1304 809 et
1335 771 1570 808 felicitas

257 826 338 866 huc
382 821 619 873 referendae
667 829 758 869 sint.
833 828 1057 877 Quanquam
1106 825 1428 864 iclicitatem
1467 825 1570 875 quol

258 895 334 922 una
372 884 693 949 memoravimus,
742 896 878 934 parum
914 881 1160 920 considerate
1201 882 1348 919 fecisse
1385 882 1573 921 viilvmur.

262 937 498 978 Continetur
534 940 636 983 enim
675 939 850 977 felicitas
887 950 963 982 ιιοιι
1000 937 1074 974 alia
1110 950 1156 976 re
1194 938 1269 975 nisi
1297 938 1573 987 sapientia,

260 997 305 1033 ut
342 1007 443 1045 quae
480 995 565 1034 sola
603 995 775 1042 efficiat,
810 998 854 1034 ut
892 994 977 1044 quis
1015 993 1054 1031 in
1084 993 1235 1043 agendo
1263 999 1375 1032 recte
1403 993 1574 1044 pruden-

259 1053 401 1101 terque
437 1055 620 1093 versetur
664 1055 782 1100 atque
820 1050 1069 1101 propositum
1115 1049 1289 1087 feliciter
1327 1056 1572 1099 assequatur.

260 1105 454 1155 Quocirca
480 1106 555 1145 hac
585 1106 650 1158 qui
679 1110 840 1144 ornatus
870 1109 955 1152 est,
996 1106 1029 1142 is
1058 1104 1252 1149 felicitate
1280 1105 1576 1155 haudquaquam

259 1161 423 1213 indiget.
479 1162 581 1211 Quid
618 1163 722 1213 quod
761 1163 878 1205 etiam
912 1161 1090 1207 divitiae,
1127 1161 1323 1209 honores,
1352 1162 1447 1206 alia,
1478 1172 1577 1210 quae

262 1217 379 1268 vulgo
411 1218 451 1256 in
480 1218 592 1257 bonis
621 1219 837 1266 ducuntur,
866 1219 923 1256 ita
952 1217 1106 1255 demum
1135 1221 1283 1255 certam
1313 1217 1576 1267 stabilemque

261 1271 495 1321 felicitatem
525 1274 718 1322 afferunt,
761 1275 795 1312 si
823 1274 871 1312 iis
900 1277 1013 1312 recte
1039 1273 1099 1310 uti
1128 1274 1248 1320 scias,
1285 1273 1324 1319 id
1364 1273 1465 1323 quod
1503 1285 1579 1310 una

262 1329 457 1380 sapientia
495 1329 605 1378 effici
637 1330 791 1368 videtur
818 1327 874 1382 *).
941 1329 1000 1375 Ex
1036 1329 1099 1376 his
1133 1333 1262 1368 autem
1302 1324 1496 1375 efficitur,
1534 1331 1579 1365 ut

262 1396 339 1423 una
362 1386 529 1424 maxime
563 1385 754 1435 sapientia
781 1389 825 1425 et
849 1385 1019 1424 ‘scientia
1046 1396 1119 1435 pro
1147 1397 1240 1425 vero
1270 1384 1372 1422 bono
1402 1383 1582 1422 habenda

264 1441 329 1488 sit,
357 1441 564 1479 inscientia
592 1453 665 1491 pro
694 1441 810 1480 malo.
865 1441 945 1478 lam
975 1453 1091 1491 quum
1113 1452 1248 1486 omnes
1267 1443 1452 1490 expetant
1481 1439 1579 1486 feli-

264 1496 451 1544 citatem,
486 1497 694 1547 unicuique
728 1497 806 1534 hoc
845 1497 1009 1534 maxime
1047 1496 1238 1546 agendum
1277 1507 1368 1533 esse
1399 1499 1579 1545 apparet,

265 1555 308 1592 ut
334 1551 404 1590 fiat
443 1565 557 1603 quam
591 1553 914 1603 sapientissimus.
970 1553 1102 1601 Atque
1136 1552 1201 1589 hic
1230 1551 1454 1601 gravissima
1484 1553 1580 1589 obo-

262 1607 365 1645 ritur
403 1609 607 1658 quaestio,
659 1609 839 1659 possitne
879 1608 1070 1658 sapientia
1119 1607 1304 1644 discendo
1349 1607 1580 1656 comparari.

265 1662 380 1711 Quod
420 1666 454 1702 si
482 1664 536 1702 ita
565 1668 647 1711 est,
688 1664 787 1716 nihil
814 1664 882 1702 illa
911 1664 1125 1715 studiosius
1154 1662 1360 1713 colendum
1391 1666 1582 1715 expeten-

267 1718 436 1767 dumque
462 1731 554 1773 esse
581 1710 840 1784 consequitur
866 1717 944 1773 **)

379 1812 491 1853 Haec
516 1819 637 1867 igitur
665 1807 851 1860 Socrates
881 1820 928 1862 ad
959 1820 1151 1868 Cliniam,
1179 1820 1218 1858 in
1250 1820 1388 1871 quibus
1417 1821 1583 1869 apparet

271 1868 414 1917 miloni
443 1872 731 1925 sophistarum,
768 1878 834 1928 qui
874 1878 1003 1922 omnia
1030 1876 1244 1916 commodis
1276 1880 1317 1915 et
1346 1876 1582 1915 utilitatibus

269 1926 533 1968 metiebantur
560 1927 734 1977 adeoque
761 1934 953 1983 virtutem
978 1932 1024 1970 ad
1055 1928 1248 1984 εὐτυχίαν
1267 1929 1355 1984 ***)
1395 1930 1584 1981 quandam

270 1982 536 2033 revocabant
566 1995 651 2022 eam
680 1991 822 2040 opponi
853 1980 1102 2034 sententiam,
1133 2001 1207 2038 qua
1235 1988 1323 2038 ipse
1349 1987 1583 2025 felicitatem

271 2038 309 2075 in
338 2012 741 2086 iirtute,v·i1tutem
767 2044 899 2078 autem
935 2046 973 2094 in
1010 2044 1112 2081 recti
1149 2044 1383 2094 honestique
1420 2043 1584 2088 scientia

272 2093 404 2142 inesse
434 2095 646 2139 statuebat.
703 2095 763 2133 De
792 2108 867 2149 qua
894 2097 966 2135 vi1i
996 2101 1189 2139 sententia
1217 2112 1332 2138 nemo
1364 2099 1583 2137 accuratius

274 2150 458 2199 exposuit
488 2150 759 2188 Blandisio
787 2152 827 2189 in
855 2151 959 2191 Mus.
990 2154 1119 2202 Rhen.
1143 2156 1233 2195 Vol
1263 2155 1291 2194 l.
1320 2167 1357 2205 p
1388 2153 1468 2192 130
1497 2166 1581 2204 sqq.

273 2204 379 2247 conf.
409 2206 527 2249 etiam
556 2205 738 2258 Prolegg.
768 2212 904 2259 nostra
931 2210 979 2259 ad
1008 2209 1222 2262 Lachetem
1250 2215 1293 2251 et
1321 2209 1583 2259 Charmidem.

365 2399 401 2443 *)
424 2402 474 2435 De
506 2404 568 2437 hac
601 2405 755 2438 matonis
786 2409 955 2442 sententia
986 2410 1051 2454 vid.
1084 2410 1261 2462 Legg.11.
1296 2419 1330 2452 p.
1362 2408 1584 2444 661.Λ.1).

434 2451 574 2483 Menon
600 2461 632 2490 p.
658 2454 735 2483 420.
760 2454 801 2485 D.

347 2511 397 2555 ⁰)
421 2517 534 2555 Usque
558 2517 598 2549 ad
623 2527 658 2556 p.
683 2521 759 2551 282.
791 2521 832 2552 D.

325 2578 407 2623 *⁸¹⁶0
431 2584 470 2616 V.
503 2586 641 2622 Μειιριι.
667 2589 755 2618 extr.
801 2589 917 2625 ltaque
939 2596 1009 2619 eam
1039 2596 1058 2624 a
1084 2597 1181 2620 casus
1205 2587 1395 2632 temesitate
1420 2597 1488 2631 non
1511 2595 1587 2627 esse

426 2628 573 2663 liberam
599 2634 632 2661 et
657 2631 837 2682 immunem
860 2634 1065 2673 statuebant.
