1624 2904
247 146 329 186 DE
369 141 790 184 EUTHYDEMO
827 141 1172 186 PLATONIS.
1317 144 1375 186 31

40 263 148 302 varia
173 262 280 301 illius
310 271 459 310 genera
485 256 792 310 perpenduntur
821 260 864 296 et
892 258 1177 309 examinantur,
1205 259 1262 300 ita
1291 260 1380 313 qui-

41 321 158 368 dem,
195 324 240 357 ut
269 317 518 356 utilissimam
549 327 635 353 eam
667 314 761 352 sore
791 315 998 353 scientiam
1030 321 1242 367 statuatur,
1280 331 1384 370 quae

43 382 87 418 et
122 387 257 416 rerum
298 374 454 412 utilium
484 372 665 411 effectrix
697 372 773 418 sit,
818 377 861 411 et
900 371 1139 424 prudentem
1172 376 1388 416 earundem

43 447 159 475 usum
189 433 456 472 demonstret.
514 430 626 479 Quae
657 430 856 467 sententia
885 443 907 467 a
936 431 1170 480 quibusnam
1200 433 1388 484 prosecta

42 493 119 540 sit,
160 490 239 529 etsi
277 501 356 528 non
393 487 643 539 exploratum
682 486 903 534 habemus,
941 492 1074 528 tamen
1111 489 1275 529 scholae
1313 490 1388 539 illi,

45 550 111 589 cui
145 546 426 598 Euthydemus
465 548 507 582 et
545 543 846 594 Dion)s‹›‹lorus
876 543 1025 583 addicti
1062 545 1249 595 fuerunt,
1290 560 1388 599 pro-

44 606 172 659 priam
203 605 331 642 inisse
359 615 436 641 non
457 606 611 639 temere
633 614 745 651 snsp-
736 602 864 640 'ce1is.
924 601 1029 640 'lum
1058 603 1107 641 ad
1127 603 1231 642 hanc
1259 605 1388 655 ipsam

46 675 246 708 normam,
277 660 355 698 hoc
386 664 473 706 est,
512 658 560 696 ad
592 671 730 696 corum
761 659 1113 708 consuetudinem,
1151 661 1219 713 qui
1259 662 1390 701 omnia

45 719 280 760 referebant
306 716 355 754 ad
386 689 614 762 utilitatem,
644 715 822 766 singulae
853 716 1044 766 quaedam
1074 722 1184 757 artes
1212 717 1391 757 iudican-

44 783 133 826 tur,
162 780 283 827 atque
313 774 444 811 oblata
474 774 780 824 opportunitate
818 786 959 812 severa
986 774 1117 825 agitur
1147 788 1318 815 censura
1348 780 1392 815 et

47 835 99 874 de
140 834 200 872 rei
239 831 422 871 militaris
463 830 650 877 scientia,
690 843 806 881 quam
844 831 1002 870 scilieet
1046 827 1295 887 ὁπλομάχοι
1332 833 1393 872 illi

45 891 356 945 profitebantur,
386 891 429 926 et
456 887 506 925 de
537 887 759 926 forensium
789 888 1013 927 orationum
1043 889 1286 942 scriptione,
1318 902 1396 942 qua

49 949 198 990 multos
237 947 337 985 adeo
369 958 413 984 se
449 945 642 991 iactasse,
684 950 729 983 ut
757 957 855 996 prae
893 946 971 984 ista
1010 946 1169 986 seilicet
1196 953 1284 987 arte
1321 960 1394 988 sua

47 1011 175 1047 totam
205 1003 500 1056 philosophiam
530 1006 857 1050 contemnerent,
888 1007 931 1041 ct
958 1000 1038 1042 hoc
1067 1004 1158 1042 loco
1189 1005 1392 1057 signitica-

49 1068 116 1103 tur
146 1068 189 1102 et
218 1075 266 1100 ex
295 1066 500 1112 postrema
530 1060 727 1098 sermonis
750 1064 866 1111 parte
885 1062 1143 1112 perspicuum
1174 1067 1252 1104 est.
1309 1061 1393 1102 De-

46 1122 166 1173 nique
196 1118 288 1171 quid
318 1117 369 1156 de
400 1122 487 1155 arte
515 1117 628 1168 regia
658 1117 742 1155 sive
771 1117 877 1156 civili
906 1119 1160 1157 statuendum
1192 1119 1267 1170 sit,
1297 1121 1395 1159 sub-

47 1179 176 1218 tiliter
214 1175 458 1227 exploratur.
525 1174 603 1224 Qui
651 1173 764 1212 locus
812 1174 1003 1226 profecto
1053 1177 1243 1215 miramur
1287 1177 1395 1229 quod

47 1235 148 1276 nulli
174 1235 443 1284 interpretum
475 1231 667 1283 singulari
694 1231 861 1283 quadam
880 1232 1222 1273 animadversione
1252 1234 1394 1286 dignus

48 1293 244 1333 indicatus
283 1295 358 1330 est.
427 1288 528 1327 Nam
570 1289 840 1339 quaerendum
880 1302 976 1329 sane
1021 1290 1088 1329 hic
1135 1291 1235 1329 illud
1269 1293 1395 1341 venit,

49 1350 144 1402 quid
173 1348 333 1387 tandem
365 1347 433 1394 sit,
463 1359 535 1383 cur
558 1351 685 1383 artem
715 1347 865 1397 regiam
897 1346 948 1384 ad
975 1347 1134 1386 virtutis
1165 1349 1395 1400 possessio-

50 1420 143 1447 nem
175 1418 313 1457 parum
344 1407 412 1442 aut
438 1402 538 1441 nihil
565 1402 700 1441 valere
730 1408 809 1442 tam
839 1405 1006 1455 copiose
1037 1406 1285 1447 ostendatur.
1337 1407 1395 1446 Et

52 1477 126 1504 nos
157 1462 314 1513 quidem
345 1473 423 1498 non
454 1459 701 1507 dubitamus,
743 1461 835 1510 quin
867 1465 975 1499 totus
1005 1461 1072 1499 hic
1103 1462 1214 1502 locus
1244 1462 1295 1501 ad
1325 1475 1395 1502 ex-

51 1520 290 1575 plodendam
319 1518 565 1569 Protagorae
595 1518 833 1555 sententiam
870 1518 1094 1585 pertineat,
1139 1520 1206 1570 qui
1234 1521 1395 1560 virtutis

52 1577 298 1629 disciplinam
348 1586 505 1613 omnem
553 1573 600 1611 ad
657 1569 739 1623 τὴν
774 1570 1005 1624 πολιτικὴν
1045 1577 1129 1615 sive
1163 1574 1395 1629 ίῘασιλικὴν

52 1637 206 1689 τέχνην
244 1644 457 1672 remeasse
494 1630 665 1669 ridetur.
742 1630 865 1670 Cuius
908 1632 969 1671 rei
1009 1637 1158 1672 testem
1198 1634 1395 1675 habemus

52 1691 419 1757 locupletissimum
450 1689 583 1740 ipsum
623 1687 856 1737 Platonem,
895 1689 962 1739 qui
992 1690 1030 1729 in
1062 1690 1220 1743 dialogo
1250 1692 1396 1732 Prota-

50 1761 174 1802 gorae
210 1747 368 1787 nomine
406 1746 601 1796 inscripto
639 1745 745 1784 hunc
781 1746 1003 1798 sophistam
1042 1748 1096 1787 ita
1125 1748 1396 1791 disserentem

51 1807 166 1853 facit,
195 1811 242 1844 ut
269 1805 459 1842 virtutem
489 1806 640 1841 statuat
663 1806 788 1841 totam
819 1805 1016 1842 contineri
1046 1818 1110 1853 eo,
1141 1810 1186 1845 ut
1214 1808 1303 1857 quis
1331 1809 1394 1848 rei

53 1868 99 1904 et
136 1862 383 1902 domesticae
419 1865 462 1899 et
510 1859 695 1911 publicae
733 1866 850 1900 recte
888 1862 1071 1901 consulat
1092 1860 1160 1916 *),
1208 1864 1395 1917 adeoque

54 1933 142 1961 eam
179 1919 404 1959 homiuibus
443 1922 608 1956 censeat
647 1917 739 1955 ideo
779 1919 967 1957 tributam
1006 1933 1029 1957 a
1067 1920 1142 1959 diis
1180 1933 1296 1971 esse,
1348 1929 1396 1964 ut

42 1975 336 2032 propulsandis
374 1974 488 2013 malis
527 1979 569 2012 et
604 1975 758 2013 iniuriis
795 1975 920 2015 civilis
951 1977 1161 2017 societatis
1197 1980 1395 2020 securita-

39 2033 141 2075 'tem
171 2033 276 2073 tueri
305 2036 347 2070 et
375 2044 613 2070 consonare
632 2036 800 2082 possent
819 2030 898 2086 **).
957 2034 1039 2073 Sed
1060 2035 1202 2087 dignus
1234 2043 1299 2077 est
1326 2040 1395 2089 qui

55 2096 170 2132 totus
206 2089 456 2129 adscribatur
494 2088 565 2127 ine
594 2088 776 2128 Platonis
804 2089 918 2129 locus
947 2104 989 2143 p.
1018 2093 1100 2130 :52:-
1105 2094 1178 2133 ,Β
1209 2107 1297 2145 sqq.
1326 2097 1396 2135 ubi

54 2149 295 2199 Protagoras
324 2147 432 2184 inter
466 2145 565 2184 alia:
602 2145 675 2185 καὶ
705 2161 730 2196 ²]
762 2143 1053 2211 δημιουργική
1084 2151 1213 2214 τέχνῃ
1243 2149 1398 2202 αὐτοῖς

59 2201 326 2271 (hominihus)
355 2196 466 2256 πρὸς
493 2202 574 2254 ιιὲν
601 2198 793 2265 τροᾳὴν
808 2200 934 2254 inam]
963 2201 1145 2270 βοηθὸς
1172 2221 1255 2258 ην,
1285 2206 1398 2264 πυὸς

3 2290 9 2296 ·
60 2263 108 2304 ὸὲ
135 2256 214 2303 τὸν
230 2259 420 2329 θηρίων
447 2255 639 2299 πόλεμον
671 2255 839 2309 ἐνδεης·
870 2258 1100 2313 πολιτικην
1128 2280 1210 2331 γαο
1240 2267 1397 2321 τέχνην

62 2314 180 2361 οὔπω
210 2315 348 2372 εἶχον,
384 2330 438 2366 ης
471 2318 607 2368 μέρος
635 2312 869 2371 ποὶειιική·
900 2314 1079 2368 ἐζητουν
1108 2316 1178 2383 oz}
1190 2319 1395 2376 αθιωίζε-

62 2376 178 2418 σθαι
215 2375 288 2416 καὶ
325 2357 550 2423 σώζεσθαι
587 2373 803 2423 κτιζοντες
831 2370 989 2443 πόλεις.
1022 2373 1090 2417 ὅτ’
1125 2393 1204 2419 ουν
1232 2377 1394 2437 &3000-

61 2433 244 2480 σθοῐεν,
273 2428 454 2482 ηδικουν
481 2424 695 2480 ἀλλη)ους
723 2427 800 2472 ἅτε
832 2428 913 2473 οὐκ
941 2433 1112 2487 ἔχοντες
1138 2431 1219 2487 τὴν
1248 2438 1394 2481 πολι-

126 2631 164 2673 *)
189 2633 226 2664 Ρ.
251 2634 332 2667 318.
355 2635 384 2666 Ε
410 2644 484 2675 sqq.

104 2676 159 2720 ⁵⁸¹)
183 2680 220 2710 Ρ.
254 2680 331 2712 322.
364 2691 433 2721 sqq.
457 2680 536 2712 coll.
566 2691 601 2721 p.
626 2682 703 2715 327.
732 2684 768 2713 C.
797 2682 831 2713 et
856 2682 948 2715 conf.
973 2691 1061 2723 quae
1085 2684 1392 2719 Schieierma-

195 2725 352 2758 cher-us
377 2737 410 2768 p.
436 2729 515 2760 233.
539 2727 580 2758 de
608 2736 650 2759 ea
672 2737 712 2759 re
735 2728 883 2762 monuit.
