1624 2904
456 158 538 203 An
566 157 916 205 THEAGEM.
1268 154 1358 198 225

16 293 133 323 reum
166 277 317 320 indicta
354 288 496 318 caussa
522 288 547 317 a
573 274 690 317 uobis
719 274 976 318 condemnari
1002 276 1158 330 arguat.
1213 273 1359 326 ltaque

16 344 149 380 aetum
175 337 259 377 est!
288 335 419 376 ilicet!

127 417 223 458 Etsi
251 427 349 456 vero
377 414 507 454 omnia
533 411 705 453 clamant
732 411 1024 453 detrabendum
1060 409 1225 452 tandem
1261 406 1362 448 Pla-

15 475 123 516 tonis
170 487 315 514 nomen
353 484 446 512 esse
482 473 620 522 inepto
657 471 907 520 tenebrioni,
951 471 1018 522 qui
1065 468 1202 521 operis
1238 466 1361 505 huius

16 536 160 572 auctor
196 531 302 581 fuit,
338 534 472 570 tamen
508 529 614 568 liber
650 528 747 568 satis
777 529 962 579 antiquus
998 528 1052 567 sit
1081 537 1253 566 necesse
1283 526 1363 563 est.

18 589 122 631 Nam
160 593 324 640 praeter
357 586 560 627 Aelian.
599 585 719 626 Varr.
758 585 866 626 Hist.
896 585 1003 627 Vlll.
1033 583 1064 624 Ι.
1095 588 1138 623 et
1167 593 1363 634 persona-

19 651 106 687 tum
132 644 478 685 Plutarchum
507 642 568 682 De
584 642 688 682 Fato
718 641 769 682 Τ.
798 642 906 684 vm.
934 655 974 696 p.
1004 642 1102 682 367.
1136 640 1199 680 ed.
1218 638 1363 680 Reisk.

19 716 114 744 eum
150 704 268 742 etiam
308 701 547 752 Thrasyllus
581 700 687 752 apud
722 699 932 753 Diogen.
974 698 1147 739 Laert.
1181 695 1250 745 111.
1290 695 1363 735 57.

19 765 65 802 et
101 759 384 812 Dionysius
428 758 602 799 Halic.
645 757 697 800 T.
730 756 784 799 V.
821 770 861 809 p,
899 757 996 797 4⁰5.
1037 756 1099 796 ed.
1140 754 1281 795 Reisk.
1311 749 1365 792 ad

17 815 230 870 Platonem
266 820 472 855 auctorem
509 815 710 855 referunt.
775 815 841 854 Ex
878 827 956 866 quo
992 814 1247 866 perspicuum
1286 811 1367 858 est,

19 875 98 916 iam
133 874 307 926 Augusti
342 877 384 912 et
422 873 578 912 Tiberii
613 875 746 911 aetate
772 873 892 925 vulgo
922 873 981 911 ita
1009 871 1226 910 iudicatum
1257 879 1366 915 esse,

18 936 66 972 ut
102 943 176 982 pro
207 943 332 982 opere
368 929 546 969 Platonis
586 929 819 972 haberetur.
895 929 957 968 De
998 926 1218 980 Thrasyllo
1258 925 1366 964 enim

20 988 273 1030 scholiastes
314 988 510 1027 Iuvenalis
548 986 599 1026 ad
631 986 714 1029 Sat.
742 986 814 1029 V1.
842 985 939 1027 576.
970 999 1009 1038 p.
1039 986 1137 1028 258.
1168 983 1233 1026 ed.
1263 982 1367 1022 Cra-

20 1058 122 1087 mer.
163 1043 482 1097 Thra-yllus
518 1045 794 1084 multarum
841 1046 1035 1084 artium
1072 1041 1366 1083 scientiam

21 1101 294 1156 professus
326 1106 607 1153 postremo
656 1114 712 1141 se
749 1101 897 1142 dedit
933 1101 1247 1140 Platonicae
1282 1109 1367 1137 se-

21 1165 141 1201 ctae
168 1173 225 1199 ac
254 1159 451 1199 deinde
479 1159 724 1207 mathesi,
757 1171 854 1209 qua
882 1159 1167 1211 praecipuo
1195 1152 1367 1207 viguit

22 1217 153 1270 apud
189 1218 466 1268 Tiberium
510 1222 590 1259 etc.
628 1229 664 1255 v.
712 1216 921 1258 Sueten.
958 1217 1000 1254 in
1040 1215 1167 1254 Tiber
1219 1225 1256 1253 c.
1295 1211 1367 1250 14.

20 1276 159 1325 ibique
198 1274 420 1315 Casaubon.
459 1272 637 1313 Taciti
678 1273 819 1312 Annal.
854 1273 925 1314 Vl.
955 1272 1012 1311 20
1042 1284 1101 1322 sq.
1129 1267 1372 1310 Fabricii

22 1332 217 1372 Biblioth.
256 1330 350 1372 Vol.
388 1330 458 1374 111.
487 1343 527 1382 p.
559 1331 652 1370 190.
680 1331 808 1382 intpp.
844 1330 893 1369 ad
923 1330 1038 1369 Dion.
1070 1329 1183 1368 Cass.
1212 1325 1299 1368 LV.
1329 1337 1371 1379 p·

23 1390 122 1429 783.
164 1389 228 1430 ed.
263 1387 442 1429 Reimar.
511 1389 756 1438 Quamquam
794 1393 956 1427 veteres
1004 1388 1135 1427 critici
1167 1384 1371 1426 interdum

27 1447 147 1485 etiam
178 1459 225 1484 ea
254 1446 404 1496 scripta
430 1445 472 1484 in
498 1446 710 1497 catalogos·
734 1457 830 1484 suos
859 1445 1110 1492 retulerunt,
1141 1455 1242 1494 quae
1270 1441 1372 1494 ipsis

26 1503 79 1549 de
109 1503 252 1542 fraude
280 1506 467 1553 suspecta
496 1508 647 1541 essent.
706 1502 830 1541 Cuius
855 1503 917 1542 rei
946 1502 1171 1553 exemplum
1199 1501 1373 1540 Erastae

23 1562 242 1613 praebent,
279 1572 396 1610 quem
430 1559 576 1599 librum
615 1559 856 1611 Thrasyllus
894 1560 973 1598 etsi
1009 1563 1117 1598 teste
1154 1557 1371 1597 Laertio

24 1618 77 1660 ll.
105 1618 174 1658 57.
204 1619 246 1657 in
271 1617 507 1668 tetralogias
537 1630 629 1656 suas
647 1617 812 1667 retulit,
843 1620 976 1656 tamen
1008 1616 1152 1655 eodem
1170 1616 1373 1666 scriptore

23 1674 117 1716 libr.
154 1673 222 1716 IX.
259 1674 326 1715 37.
365 1679 552 1713 narrante
588 1679 788 1724 tamquam
827 1675 1130 1726 suppositicium
1167 1674 1208 1712 in
1239 1671 1373 1723 suspi-

27 1733 184 1771 cionem
222 1731 471 1770 adulterinae
508 1732 673 1782 originis
712 1731 888 1773 adduxit.
946 1731 1002 1770 Et
1037 1731 1128 1769 fieri
1158 1742 1255 1768 sane
1296 1740 1371 1780 po·

27 1794 127 1836 test,
155 1792 200 1827 ut
241 1801 316 1827 uec
358 1788 538 1839 Theagis
575 1788 704 1827 nostri
741 1788 844 1826 fides
882 1789 1063 1827 omnibus
1105 1788 1204 1826 satis
1243 1786 1373 1825 fuerit

28 1846 208 1898 probata.
265 1845 365 1883 Nam
403 1858 478 1883 nec
514 1845 711 1884 Maximus
741 1845 915 1897 Tyrius,
956 1858 1031 1884 nec
1059 1844 1302 1884 Plutarchus
1329 1843 1373 1883 in

29 1902 362 1953 disputationibus
392 1901 443 1940 de
471 1903 590 1953 genio
620 1903 798 1941 Socratis
831 1915 881 1941 eo
909 1915 1076 1953 usquam
1107 1903 1169 1941 usi
1190 1914 1283 1940 esse
1306 1912 1374 1939 re-

29 1960 254 2011 periuntur,
283 1957 389 2008 quod
412 1971 624 2009 sanequam
656 1963 766 1998 esset
785 1960 982 2010 mirabile,
1010 1961 1086 1999 nisi
1113 1972 1182 1998 res
1211 1960 1289 1998 iam
1317 1957 1374 1996 il·-

31 2017 110 2056 lius
139 2015 284 2054 aetatis
314 2015 464 2053 criticis
494 2016 752 2055 suboluisset.
808 2016 961 2058 Verum
989 2022 1192 2067 utcunque
1221 2029 1267 2055 se
1294 2014 1374 2053 ha·-

30 2073 123 2121 bet,
162 2077 277 2110 certe
322 2083 401 2110 non
438 2072 516 2110 erit
554 2073 808 2112 iniucundum
856 2078 925 2112 aut
967 2074 1134 2123 inutile,
1183 2076 1375 2124 quantum

32 2129 194 2181 quidem
223 2128 312 2167 lieri
340 2129 493 2179 possit,
523 2131 755 2179 exquirere,
785 2131 826 2169 in
855 2143 1047 2181 quaenam
1070 2136 1255 2184 tempora
1279 2130 1375 2170 foe-

33 2191 100 2230 tus
128 2186 246 2225 istius
275 2186 453 2225 natalitia
480 2186 658 2226 incidere
685 2188 946 2227 existimanda
974 2189 1068 2230 siut.

145 2275 200 2314 Et
228 2275 325 2314 illud
354 2274 514 2326 quidem
546 2277 726 2317 omnibus
754 2283 910 2319 certum
939 2283 981 2319 et
1006 2280 1262 2332 perspicuum
1283 2292 1379 2320 esse

35 2331 180 2382 debet,
209 2332 354 2371 librum
382 2334 654 2372 verisimiliter
683 2347 731 2373 eo
761 2340 945 2388 tempore
980 2339 1029 2376 ab
1069 2338 1207 2390 ignoto
1242 2338 1378 2388 aliquo

36 2386 199 2429 homine
240 2402 331 2428 esse
369 2392 658 2441 compositum,
696 2404 774 2442 quo
810 2394 851 2432 id
891 2406 1016 2446 genus
1045 2396 1294 2433 narrationes
1325 2394 1378 2433 de

39 2447 157 2498 genio
193 2446 371 2485 Socratis
412 2448 488 2486 iam
526 2448 640 2485 valde
679 2449 902 2502 divulgatae
943 2456 1057 2490 erant
1099 2464 1145 2490 ac
1193 2451 1379 2490 studiose

41 2502 247 2544 collectae.
310 2503 427 2553 Quod
466 2506 582 2555 quale
621 2505 771 2556 fuerit,
798 2521 873 2560 age
903 2509 1037 2559 paucis
1066 2510 1278 2558 exquirere
1310 2519 1381 2546 co-

42 2570 194 2601 nemur.
260 2559 396 2599 Possit
423 2562 548 2613 igitur
575 2561 716 2613 aliquis
758 2566 953 2616 suspicari
999 2569 1133 2604 natum
1165 2578 1257 2604 eum
1286 2577 1382 2604 esse

43 2614 84 2653 in
122 2616 206 2665 ipsa
242 2617 456 2656 Academia
495 2624 630 2657 aetate
667 2619 908 2661 Xenocratis
944 2623 1009 2661 vel
1055 2623 1235 2674 proximo
1283 2621 1380 2660 inde

42 2674 225 2722 tempore
292 2673 410 2714 Hunc
450 2677 554 2714 enim
593 2676 876 2730 philosophum
904 2680 1131 2730 accepimus
1157 2679 1381 2718 doctrinam

43 2727 94 2767 de
123 2728 376 2772 daemonibus
405 2733 595 2785 singulari
631 2733 764 2775 studio
804 2737 1042 2776 tractavisse
1071 2748 1120 2775 ac
1147 2735 1380 2788 diligentius
