1624 2904
241 189 322 230 DE
362 183 793 228 EUTHYDEMO
835 182 1174 227 PLATONIS.
1316 184 1374 227 49

31 303 295 355 depingantur
337 313 505 349 omnes,
535 299 620 338 eius
650 298 711 337 rei
740 309 858 338 causa
886 294 926 337 in
954 301 1116 350 promtu
1145 302 1222 342 est.
1279 297 1372 351 Ipsa

31 363 135 400 enim
168 361 315 412 dialogi
355 360 458 398 ratio
486 369 563 397 non
593 355 778 404 ferebat,
817 359 863 394 ut
889 367 1028 394 omnes
1059 357 1373 406 nominarentur,

29 418 223 469 siquidem
256 415 542 469 perabsurdum
573 413 734 461 suisset,
763 412 798 451 si
820 411 1084 464 philosophus
1111 417 1241 453 totam
1271 414 1377 469 scri-7

27 481 187 527 ptorum
228 475 439 513 cohortem
469 471 640 511 fecisset
681 469 818 508 audito
847 468 1026 508 Socratis
1056 481 1147 509 cum
1176 471 1372 522 sophistis

27 532 230 582 colloquio
261 531 418 570 Critoni
446 529 600 568 obviam
629 527 870 567 venientem.
926 526 1097 567 Accedit
1134 528 1241 578 quod
1268 529 1373 569 haec

28 590 132 628 ratio
162 589 329 641 egregie
358 599 446 626 cum
476 586 603 625 totius
632 584 725 623 libri
753 583 924 622 consilio
950 584 1148 636 congruit,
1178 585 1285 635 quod
1313 587 1371 626 vi-

27 646 155 685 dimus
195 657 244 684 eo
288 645 454 684 maxime
483 642 713 694 pertinere,
743 645 787 679 ut
826 640 1033 680 Socratica
1060 641 1372 694 philosophandi

26 702 274 743 consuetudo
304 703 352 741 ab
370 700 473 739 inani
494 699 738 750 sophistices
766 697 997 748 suspicione
1017 698 1240 738 vindicetur
1255 699 1371 739 ideo-

27 772 105 811 que
134 772 323 811 perversa
352 758 556 797 hominum
586 756 637 794 de
667 756 738 794 illa
766 755 910 793 iudicia
938 755 1214 807 explodantur.
1268 755 1370 797 Nam

28 817 64 856 si
92 816 143 855 de
180 829 257 855 uno
287 816 419 865 aliquo
458 813 680 853 forensium
727 817 930 851 oratorum
959 813 1160 863 scriptore
1199 814 1371 865 cogitari

28 878 264 925 oporteret,
302 873 401 911 nihil
436 871 625 923 profecto
663 873 854 920 cogeret,
896 873 942 908 ut
972 870 1093 909 etiam
1121 870 1300 921 reliquos
1329 869 1376 911 id'

26 943 152 984 genus
183 931 363 969 homines
393 929 502 979 carpi
533 931 811 967 statueremus.
867 926 983 977 Quod
1011 939 1114 967 nunc
1144 927 1266 980 louge
1295 941 1368 968 se-

25 1001 95 1027 cus
127 993 202 1029 est.
268 988 396 1038 Quum
427 986 531 1024 enim
569 985 682 1023 unius
711 984 818 1022 illius
847 982 1020 1023 hominis
1057 996 1193 1024 mores
1222 986 1279 1024 ita
1303 986 1371 1026 in-

25 1045 277 1092 formentur,
316 1050 360 1083 ut
400 1044 478 1082 ista
527 1042 683 1093 pictura
710 1041 750 1079 in
781 1045 944 1080 ceteros
972 1041 1200 1081 istiusmodi
1227 1043 1371 1082 rheto-

27 1114 94 1141 res
124 1114 262 1140 omnes
293 1104 506 1152 congruat,
543 1098 666 1136 facile
693 1097 935 1149 intelligitur
962 1098 1003 1138 id
1031 1099 1109 1152 agi,
1139 1103 1184 1138 ut
1212 1101 1370 1139 univer-

26 1172 70 1197 sa
110 1158 383 1199 fastuosorum
425 1162 470 1198 et
514 1156 780 1208 malignorum
809 1155 1053 1208 scriptorum
1089 1157 1217 1203 natio(
1242 1158 1369 1199 corri-

26 1216 170 1269 piatur.

60 1365 65 1367 4
138 1315 219 1356 Sed
245 1315 412 1367 longius.
431 1315 553 1354 etiam
580 1314 850 1366 procedimus.
908 1313 1099 1356 Putamus
1127 1315 1233 1356 enim
1272 1315 1370 1356 Pla-

25 1377 161 1413 tonem
199 1373 292 1412 dum
331 1373 490 1411 illorum
528 1372 733 1412 hominum
771 1371 824 1412 de
868 1370 1076 1412 Socratica
1110 1372 1370 1425 philosophia

26 1431 230 1481 improbat
265 1428 475 1476 iudicium,
517 1429 635 1467 simul
678 1429 799 1467 etiam
837 1429 1041 1481 reliquos,
1076 1431 1147 1481 qui
1181 1431 1371 1470 similiter

27 1487 381 1533 existimavissent,
413 1485 716 1537 reprehendere
745 1490 787 1524 et
817 1487 1015 1537 castigare
1043 1487 1235 1526 voluisse.
1280 1487 1369 1527 Ne-

26 1556 104 1596 que
140 1545 245 1582 enim
284 1543 446 1581 dubium
485 1547 574 1590 est,
616 1543 711 1593 quin
745 1542 814 1580 alii
853 1543 1035 1594 plurimi,
1085 1543 1228 1584 eodem
1275 1544 1370 1584 fere

24 1600 144 1640 modo
188 1601 240 1639 de
278 1599 447 1638 Socrate
487 1600 707 1644 senserint,
742 1603 864 1650 atque
901 1601 982 1639 iste
1018 1600 1242 1641 forensium
1273 1614 1369 1642 ora—

24 1659 175 1696 tionum
218 1658 421 1708 scriptor,
459 1657 527 1707 qui
567 1656 608 1694 in
645 1655 902 1707 Euthydemo
948 1656 1117 1708 loquens
1153 1659 1369 1703 inducitur.

27 1714 150 1753 Cuius
178 1715 240 1753 rei
269 1714 627 1752 luculentissimum
658 1713 883 1764 exemplum
911 1713 1105 1754 habemus
1124 1716 1165 1755 in
1184 1714 1368 1756 Nubibus

26 1771 322 1823 Aristophanis,
343 1771 383 1809 in
404 1771 544 1821 quibus
565 1783 683 1821 quum
708 1770 868 1809 omnino
898 1771 1171 1823 sophistarum
1190 1775 1368 1825 ineptiae

0 1846 2 1848 ’
26 1829 299 1880 exagitentur,
338 1831 421 1866 tum
451 1826 641 1866 Socrates
670 1826 883 1878 perfectus
911 1829 952 1868 in
980 1829 1029 1867 iis
1060 1830 1207 1869 artifex
1237 1831 1369 1870 fuisse

23 1885 200 1936 fingitur.
257 1885 356 1923 Nam
388 1885 466 1923 etsi
494 1884 725 1936 primarium
755 1890 902 1936 poetae
932 1886 1142 1925 consilium
1171 1887 1251 1927 hoc
1272 1888 1368 1936 fuit,

24 1947 71 1980 ut
99 1954 235 1980 omnes
266 1941 532 1993 philosophos
563 1941 809 1990 traduceret,
841 1943 908 1993 qui
935 1944 1000 1981 vel
1028 1944 1200 1984 inanium
1230 1958 1369 1985 rerum

25 1999 349 2051 perscrutatione
369 1993 432 2036 vel
461 1998 596 2037 fallaci
623 2002 665 2036 et
693 2000 922 2050 perniciosa
946 2000 1179 2040 dialectices
1200 2007 1243 2041 et
1271 2002 1368 2041 rhe-

26 2056 178 2094 torices
225 2055 511 2094 exercitatione
556 2060 850 2106 occuparentur
875 2054 948 2110 *),⁷
995 2058 1186 2108 profecto
1234 2063 1369 2100 tamen

25 2124 105 2151 non
142 2113 278 2163 potuit
316 2111 526 2151 Socratem
560 2112 722 2152 illorum
762 2114 886 2152 veluti
916 2114 1141 2166 principem
1172 2119 1214 2154 et
1243 2118 1369 2168 signi-

26 2168 160 2209 ferum
189 2168 352 2216 facere,
381 2169 459 2207 nisi
485 2170 575 2220 ipse
605 2182 697 2208 eum
726 2182 802 2221 pro
831 2183 930 2209 vano
969 2172 1153 2223 inanique
1183 2174 1369 2224 sophista

26 2224 258 2275 habuisset,
297 2226 538 2277 praesertim
577 2239 696 2277 quum
737 2239 786 2265 eo
826 2240 955 2279 usque
1000 2231 1274 2280 processerit,
1321 2236 1368 2270 ut

27 2294 119 2321 eum
150 2295 228 2321 non
266 2283 385 2323 modo
423 2283 624 2322 hominem
661 2295 796 2322 rerum
824 2285 996 2324 inanium
1032 2287 1256 2336 curiosum,
1297 2288 1370 2326 sed

33 2340 152 2378 etiam
181 2340 392 2391 insigniter
420 2340 660 2391 flagitiosum
689 2341 862 2383 finxerit.
920 2341 1092 2382 Videtur
1120 2345 1244 2396 igitur
1273 2357 1369 2396 per-

27 2395 184 2447 vulgata
213 2395 341 2435 fuisse
368 2397 571 2434 hominum
602 2396 762 2448 opinio,
802 2411 879 2449 qua
916 2397 1124 2438 Socratem
1163 2402 1270 2440 inter
1297 2415 1370 2439 va-

27 2464 102 2492 nos
131 2453 334 2505 sophistas
361 2453 644 2493 numerandum
674 2466 768 2494 esse
798 2456 1078 2495 exsitimabaut
1095 2455 1177 2510 **).
1236 2458 1369 2498 Perti-

94 2649 132 2692 ¹⁸)
166 2652 214 2729 οἱ
245 2650 351 2684 totins
381 2652 521 2686 fabulae
553 2655 702 2688 consilio
733 2664 764 2691 v.
795 2655 1027 2690 Hermann.
1057 2656 1210 2691 Praefat.
1235 2668 1270 2699 p.
1292 2659 1366 2690 XL.

164 2707 182 2728 e
210 2721 218 2729 .
244 2707 312 2730 Sec.

72 2750 132 2803 st)
159 2767 201 2797 V.
226 2766 421 2806 Xenoph.
445 2770 550 2801 Mem.
576 2768 604 2801 1.
628 2771 672 2811 6,
698 2770 751 2804 15.
773 2770 852 2803 coll.
876 2772 904 2803 1.
932 2773 976 2814 2,
1000 2773 1043 2803 49
1070 2782 1144 2812 sqq.

83 2831 171 2863 mat.
196 2834 282 2874 opp.
305 2835 382 2866 vol.
409 2836 463 2869 vl.
489 2837 583 2869 sect.
614 2839 642 2869 1.
1014 2829 1042 2867 4
