1624 2904
295 180 377 222 ΒΕ
407 177 832 228 EUTHYDEMO
869 176 1213 224 PLATONIS.
1364 176 1421 218 (il

82 299 199 350 parte
227 308 302 336 nec
335 294 542 347 Amipsiae
568 292 736 333 ducatur
764 294 895 342 ratio,
933 293 975 332 in
1010 294 1149 345 aprico
1180 305 1274 334 esse
1301 295 1422 345 puta-

83 368 184 396 mus.
241 354 403 393 Etenim
454 353 490 391 is
531 351 740 390 Socratem
780 363 859 390 non
897 355 943 389 ut
971 351 1224 403 vaniloquum
1254 354 1298 390 et
1325 362 1422 402 per-

83 413 277 451 niciosum
321 404 569 461 sophistam,
614 408 687 447 sed
726 411 771 447 ut
804 408 1006 460 garrulum
1055 413 1098 447 et
1127 408 1424 448 contentiosum

83 482 220 508 senem
250 467 561 515 informaverat,
589 466 764 517 indeque
794 466 974 504 eximiam
1005 465 1111 504 risus
1142 465 1330 504 movendi
1357 476 1425 503 ca-

83 530 269 579 ptaverat
298 525 565 563 occasionem.
625 523 856 574 Quanquam
888 522 994 574 quod
1022 522 1214 562 Socrates
1242 523 1283 562 in
1313 522 1425 574 prin-

82 585 189 636 cipio
217 582 363 633 dialogi
382 581 561 620 Gonnum
591 584 775 631 tauquam
804 581 1040 631 magistrum
1071 583 1268 619 memorat
1297 591 1428 628 suum,

83 653 134 679 eo
175 640 352 678 fortasse
389 643 502 677 tecte
544 638 750 691 Amipsiae
788 639 944 691 pariter
981 642 1103 690 atque
1137 636 1426 689 Aristophanis

82 697 218 737 fabula
248 695 509 748 significatur.

192 785 389 837 Reliquus
420 791 486 826 est
514 785 710 838 Eupolis,
739 785 807 837 qui
837 785 872 824 si
901 783 1110 824 Socratem
1141 782 1328 822 similiter
1355 786 1423 823 at-

80 857 160 898 que
187 844 480 896 Aristophanes
509 844 550 882 in
579 856 699 883 scena
728 842 996 890 traduxisset,
1034 854 1248 892 sanequam
1279 841 1423 880 etiam-

79 915 173 943 num
213 906 325 941 esset
362 901 570 949 mirabile,
606 913 677 939 cur
703 899 821 939 Plato
862 906 1006 952 poetas
1046 900 1223 938 comicos
1253 910 1334 937 non
1362 898 1422 938 vi-

81 960 217 999 cissim
258 959 539 1010 perstrinxerit
586 962 811 1009 aperteque
848 957 1154 1008 vituperaverit.
1221 956 1278 996 At
1314 956 1421 995 enim

79 1029 178 1056 vero
214 1016 371 1055 etiamsi
404 1015 579 1067 Eupolis
617 1014 830 1053 Socratem
867 1014 1132 1053 vehementer
1159 1013 1420 1065 corripuerit,

79 1078 214 1113 tamen
247 1085 338 1112 eum
378 1084 458 1111 non
495 1077 542 1111 ut
569 1071 767 1111 nefarium
798 1072 1048 1123 sophistam,
1089 1070 1157 1122 qui
1193 1071 1326 1110 omnia
1353 1074 1419 1109 te-

33 1135 38 1138 ’
78 1143 193 1170 mere
234 1130 564 1180 calumniaretur,
605 1129 680 1168 sed
720 1133 765 1168 ut
801 1129 957 1168 inanem
987 1140 1161 1180 eumque
1191 1140 1420 1180 paupercu-

78 1188 159 1227 lum
189 1200 325 1226 rerum
353 1187 592 1226 coelestium
627 1190 897 1225 scrutatorem
925 1190 995 1224 aut
1021 1186 1099 1224 alio
1129 1186 1290 1224 nomine
1317 1198 1420 1237 per-

78 1245 288 1284 strinxisse
316 1243 491 1293 videtur,
519 1243 559 1282 id
584 1243 689 1295 quod
705 1242 930 1295 colligimus
961 1256 1011 1282 ex
1029 1243 1283 1294 Fragmentis
1310 1241 1419 1294 apud

76 1301 395 1341 Ruukelium
426 1314 467 1352 p.
497 1300 581 1338 175
611 1313 672 1351 sq.
702 1300 810 1339 conf.
831 1299 1184 1341 Fritschiusl.
1204 1312 1240 1341 c.
1269 1312 1310 1351 p.
1331 1299 1418 1337 217

77 1372 165 1410 sqq.
224 1359 283 1397 Ac
312 1358 454 1396 similis
492 1357 672 1396 fortasse
699 1357 868 1396 aliorum
898 1358 1144 1396 comicorum
1173 1369 1294 1396 causa
1321 1356 1417 1404 fuit,

77 1416 130 1455 de
158 1415 301 1467 quibus
330 1414 397 1453 hic
426 1426 506 1454 non
535 1418 600 1454 est
629 1413 788 1453 dicendi
816 1414 943 1455 locus.

156 1500 158 1502 ¹
189 1504 484 1556 Explicavimus
523 1505 669 1556 igitur,
709 1517 781 1543 cur
809 1504 926 1543 Plato
955 1504 996 1543 in
1025 1502 1284 1556 Euthydemo
1314 1515 1415 1556 poe-

76 1568 206 1603 tarum
240 1563 503 1609 comicorum,
542 1562 609 1612 qni
639 1561 850 1600 Socratem
880 1563 1058 1614 *eiusque
1094 1562 1344 1613 disciplinam
1372 1562 1414 1601 in

75 1633 196 1660 scena
223 1619 432 1668 risissent,
462 1619 609 1658 nullam
638 1619 836 1658 rationem
865 1619 1087 1658 habendam
1118 1619 1289 1659 duxerit.

189 1720 381 1773 Sequitur
427 1724 472 1758 ut
509 1721 794 1772 exquirendum
831 1722 909 1770 sit,
945 1734 1018 1761 cur
1055 1722 1279 1774 scriptores
1319 1733 1412 1762 ora-

74 1779 227 1818 tionum
267 1777 778 1834 forensium-potissimum
830 1784 1046 1830 carpantur
1094 1784 1279 1831 tanquam
1318 1793 1413 1831 ger-

75 1848 213 1875 manae
230 1834 512 1887 philosophiae
530 1835 748 1875 adversarii
793 1835 916 1875 Cuius
936 1838 999 1875 rei
1021 1849 1160 1876 causas
1180 1837 1298 1893 Plato
1318 1838 1412 1889 ipse

75 1893 173 1931 satis
203 1894 413 1943 perspicue
452 1892 653 1932 indicavit.
711 1893 867 1944 Quippe
905 1894 1088 1933 homines
1117 1895 1188 1934 isti
1216 1906 1413 1947 arrogan—

76 1955 141 1989 tes
171 1956 214 1988 et
246 1949 497 2001 superciliosi
526 1962 616 1989 cum
635 1950 867 1989 rhetoribus
898 1951 1166 1991 id·habebant
1184 1964 1411 2002 commune,

79 2005 184 2059 quo‘d
215 2019 260 2045 se
288 2008 327 2045 in
354 2006 622 2057 sophistarum
657 2020 823 2046 numero
852 2008 992 2047 haberi
1021 2009 1199 2058 nollent,
1235 2009 1334 2049 licet
1363 2023 1411 2050 se

77 2077 125 2103 ex
161 2075 298 2102 eorum
342 2063 548 2114 disciplina
585 2065 732 2115 aliquid
772 2065 871 2103 lucri
901 2078 1046 2116 capere
1074 2079 1197 2117 posse
1224 2079 1304 2106 non
1332 2067 1412 2106 de-'

76 2122 356 2173 speravissent.
416 2121 539 2159 Certe
559 2122 716 2172 quidem
739 2122 928 2173 Gorgiam
959 2124 1137 2162 novimus
1165 2136 1410 2176 magnopere

75 2179 251 2225 cavisse,
281 2191 331 2216 ne
360 2178 466 2216 inter
494 2179 695 2229 sophistas
722 2179 972 2228 referretur,
1012 2185 1055 2219 ct
1083 2194 1172 2220 eam
1198 2182 1327 2233 ipsam
1357 2184 1410 2222 ob

75 2247 232 2274 causam
263 2235 470 2285 sophistae
498 2248 642 2275 nomen
664 2237 952 2287 repudiavisse,
983 2238 1102 2276 sicuti
1131 2238 1318 2278 docuitF
1332 2252 1409 2279 os-

76 2292 183 2330 sius
225 2292 275 2331 de
304 2292 454 2344 Gorgia
490 2291 632 2334 Leont.
672 2306 709 2344 p.
741 2293 810 2335 41.
868 2294 994 2333 Iidem
1033 2299 1167 2334 autem
1194 2297 1254 2335 illi
1285 2298 1408 2337 etiam

77 2348 295 2390 πολιτικοὶ
323 2349 450 2388 videri
479 2349 683 2397 volebant,
723 2351 947 2390 cuiusmodi
985 2352 1168 2391 homines
1199 2366 1314 2405 quam
1340 2355 1407 2394 in-

75 2405 297 2445 clementer
335 2407 374 2445 in
416 2405 617 2456 sophistas
647 2408 885 2455 statuerint,
924 2408 1044 2447 docet
1072 2410 1186 2449 locus
1216 2411 1406 2451 Menonis

74 2473 112 2512 p.
139 2462 209 2503 91.
237 2465 272 2502 A
305 2475 391 2515 sqq.
435 2464 502 2501 ubi
532 2464 686 2514 Anytus
716 2478 738 2502 a
767 2464 935 2504 Socrate
979 2467 1273 2518 iuterrogatus,
1310 2481 1405 2508 num

75 2517 242 2558 Menoui
270 2524 434 2559 censeat
462 2521 750 2560 cousuetudine
779 2527 821 2560 et
849 2523 1102 2561 institutione
1133 2525 1404 2576 sophistarum

71 2576 262 2616 utendum
291 2590 403 2625 esse,
433 2582 513 2615 tam
537 2578 685 2616 acriter
712 2579 752 2617 iu
783 2591 853 2618 eos
882 2580 1095 2628 invehitur,
1124 2585 1169 2619 ut
1198 2583 1404 2633 sophistas

70 2637 255 2684 tanquam
291 2640 454 2685 pestem
479 2640 522 2672 et
549 2635 768 2685 perniciem
798 2637 969 2675 civitatis
997 2637 1111 2676 valde
1140 2631 1404 2679 abominetur.

1 2702 3 2705 ’
69 2688 132 2730 Ex
162 2703 238 2741 quo
269 2691 729 2742 explicationemliabet
765 2694 884 2733 etiam
913 2693 1037 2742 illud,
1076 2695 1180 2746 quod
1214 2697 1272 2734 De
1300 2696 1403 2746 Rep.

0 2758 18 2815 {¹
67 2744 135 2789 vl.
165 2759 202 2799 p.
232 2748 326 2787 4υὸ.
354 2748 403 2792 Α.
435 2749 642 2801 sophistae
680 2754 871 2791 vocantur
908 2752 1084 2792 virorum
1120 2753 1292 2792 civilium
1324 2749 1401 2793 ἀν-

0 2832 7 2867 Ξ
