1624 2904
471 93 554 140 An
583 91 932 143 THEAGEM.
961 88 965 90 ’
1293 95 1384 146 219

34 214 75 258 ei
101 211 312 253 consilium
339 214 534 266 protenus
554 210 737 254 dissuasi.
794 207 869 249 llle
890 221 988 250 vero
1009 209 1108 250 mihi
1126 223 1206 251 non
1224 211 1382 264 paruitz

33 271 170 323 itaque
206 270 349 311 infelix
386 271 447 310 rei
487 274 652 309 eventus
681 267 834 307 divinae
861 268 1070 307 veritatem
1101 268 1382 312 admonitionis

33 332 210 369 testatus
242 332 320 368 est.
378 326 618 367 Timarchus
645 336 767 378 porro
796 335 916 376 quum
938 336 1015 364 una
1033 337 1122 364 cum
1143 325 1382 377 Philemone

16 385 86 427 ‘de
114 397 240 425 coena
268 388 458 436 surgeret
486 383 649 423 caedem
679 387 931 434 patraturus,
968 394 1045 433 ego
1073 382 1284 423 daemonio
1313 385 1383 425 in-

32 443 206 484 stinctus
241 443 389 482 iterum
426 442 651 492 iterumque
692 452 783 479 eum
819 438 1026 488 admonui,
1055 452 1108 478 ne
1136 440 1383 486 discederet.

34 500 114 541 llle
152 511 250 539 vero
286 500 476 540 discessit
511 504 650 550 atque*
672 496 829 536 facinus
864 495 964 535 illud
1010 498 1234 548 commisit,
1272 498 1381 552 quod

31 556 112 609 ipsi
156 562 298 608 postea
346 560 519 596 mortem
559 554 747 594 attulisse
781 557 954 595 constat.
1009 552 1228 595 Praeterea
1257 569 1382 608 expe-

29 613 196 654 ditionis
223 614 332 653 illius
359 613 400 653 in
429 612 606 652 Siciliam
627 615 846 663 susceptae
875 611 1026 651 exitum
1048 616 1264 664 auguratus
1289 625 1381 656 sum

30 683 79 711 ac
110 671 222 711 velut
249 670 430 712 divinavi.
486 669 569 709 Sed
605 682 658 709 ne
696 669 919 721 praeterita
945 671 1099 708 tantum
1130 681 1380 711 commemo·

27 739 208 778 morem,
235 741 355 767 unum
384 731 500 766 certe
529 726 755 778 exemplum
774 725 1025 765 divinationis
1044 725 1241 778 adiiciam,
1270 726 1380 781 quod

23 784 78 824 ad
115 786 346 837 praesentia
382 786 577 836 pertinet.
645 785 777 834 Quum
806 783 912 822 enim
940 795 1072 835 nuper
1100 783 1250 824 Sannio
1284 797 1378 828 cum

26 840 246 894 Thrasyllo
275 843 316 882 in
343 841 496 881 bellum
524 841 870 895 proficisceretur,
900 840 1099 880 daemonii
1126 853 1268 882 vocem
1297 854 1377 881 au-

25 898 117 939 dire
151 899 252 939 mihi
286 899 395 938 visus
436 911 538 941 sum.
606 899 749 951 Itaque
789 901 833 938 et
870 897 922 936 de
957 897 1170 938 Sannionis
1207 897 1376 942 fortuna

27 961 190 1006 metuo,
229 960 274 996 et
311 960 442 995 totum
470 955 550 995 hoc
576 955 676 996 belli
703 955 912 1008 negotium
940 967 1116 1008 auguror
1143 956 1251 997 male
1278 967 1376 998 ces-

25 1026 176 1056 surum.
231 1013 280 1057 P.
311 1013 407 1053 128.
436 1013 483 1056 B.
512 1034 568 1042 —
596 1013 692 1056 129.
719 1012 770 1053 Ι).

139 1069 253 1109 Haec
291 1071 452 1122 omnia,
491 1082 516 1109 o
548 1070 683 1120 bone,
721 1081 827 1109 nunc
869 1069 1064 1110 narranda
1101 1070 1267 1122 putavi,
1295 1080 1378 1124 quo

24 1128 180 1168 certius
228 1127 432 1179 intelligas
482 1128 603 1166 etia'm
637 1127 680 1167 in
725 1127 801 1175 iis,
851 1127 919 1179 qui
968 1140 1058 1166 mea
1098 1127 1378 1170 familiaritate

24 1189 215 1233 utuntur,
253 1184 506 1224 daemonium
544 1183 645 1224 illud
684 1185 892 1224 maximam
931 1185 1010 1223 vim
1050 1183 1215 1227 habere.
1272 1184 1377 1226 Nam

25 1242 171 1294 quibus
212 1241 469 1289 adversatur,
506 1241 550 1280 hi
589 1254 664 1280 nec
709 1241 921 1292 quidquam
960 1241 1178 1293 proficiunt
1219 1253 1297 1282 nec
1334 1242 1377 1283 in

12 1299 340 1339 *familiaritatem
379 1311 508 1337 meam
546 1298 670 1337 facile
705 1298 985 1337 admittuntur.
1056 1298 1212 1349 Quibus
1239 1301 1377 1339 autem

25 1355 160 1404 favet,
201 1355 230 1394 ii
269 1357 309 1394 in
349 1356 572 1407 sapientiae
602 1355 736 1394 studio
766 1355 919 1393 faciunt
947 1364 1220 1407 progressum
1250 1367 1378 1407 quan-

26 1426 143 1465 quam
173 1425 251 1451 non
281 1425 420 1452 omnes
449 1425 650 1464 perennes
689 1412 783 1451 inde
819 1416 1033 1464 reportant
1070 1411 1255 1461 fructus3
1292 1413 1376 1454 imo

25 1470 143 1510 multi
171 1471 306 1508 statim
336 1476 383 1509 ut
410 1482 433 1508 a
462 1483 528 1509 me
556 1470 855 1518 discesserunt,
884 1470 924 1508 ln
954 1470 1164 1522 pristinam
1184 1470 1377 1511 relabun-

22 1530 92 1567 t‘ur
129 1528 342 1574 inertiam3
383 1527 509 1566 veluti
549 1527 775 1575 Aristides,
820 1526 953 1578 magni
1003 1525 1194 1567 Aristidis
1232 1539 1375 1580 nepos.

24 1583 104 1624 nic
134 1584 239 1622 enim
270 1596 389 1636 quum
417 1585 562 1623 relicta
590 1597 681 1623 mea
705 1584 999 1623 consuetudine
1024 1585 1066 1623 in
1086 1584 1237 1624 bellum
1261 1587 1376 1626 esset

26 1640 265 1695 profectus,
303 1640 528 1680 disserendi
567 1640 764 1689 facultate
801 1641 902 1679 adeo
942 1640 1163 1681 destitutus
1200 1645 1290 1693 est,
1327 1644 1377 1682 ut

10 1695 92 1738 'vix
132 1711 223 1737 cum
271 1697 500 1737 hominibus
539 1698 825 1737 eruditioribus
867 1697 1045 1750 colloqui
1090 1698 1282 1739 auderet:
1331 1698 1376 1739 id

30 1755 138 1808 quod
169 1756 261 1807 ipse
306 1767 355 1794 ex
402 1755 513 1795 bello
559 1768 750 1795 reversus
795 1755 893 1794 mihi
928 1756 1102 1795 narravit
1144 1755 1210 1796 his
1237 1755 1374 1796 verbis

32 1824 153 1852 usust
209 1812 428 1862 Quamdiu,
465 1813 619 1865 inquit,
656 1812 762 1865 apud
802 1817 845 1852 te
880 1813 969 1862 fui,
1010 1825 1036 1852 o
1066 1812 1263 1862 Socrate,
1293 1813 1377 1854 etsi

29 1868 130 1909 nihil
168 1881 191 1907 a
231 1874 277 1908 te
315 1868 541 1918 edocebar,
583 1874 716 1909 tamen
753 1870 893 1910 nescio
931 1882 1011 1922 quo
1050 1870 1171 1909 modo
1200 1871 1375 1911 mirifice

30 1925 304 1979 proficiebam.
370 1925 601 1965 Sentiebam
642 1927 747 1965 enim
796 1939 862 1965 me
904 1931 1065 1966 auctum
1110 1927 1280 1967 scientia
1327 1931 1375 1968 et

31 1983 282 2031 eruditione,
320 1982 356 2021 si
392 1982 458 2022 vel
493 1983 534 2021 in
572 1983 712 2022 eadem
751 1983 869 2023 domo
907 1984 973 2023 vel
1007 1984 1049 2024 in
1087 1998 1166 2024 uno
1196 1984 1377 2025 conclavi

31 2043 168 2081 tecum
197 2051 396 2082 versarer.
422 2039 425 2043 ’
452 2039 534 2079 Sed
563 2040 684 2092 longe
713 2040 926 2092 plurimum
945 2043 1224 2093 promovebar,
1253 2054 1375 2094 quum

7 2097 142 2137 'iuxta
178 2100 221 2136 te
268 2096 479 2146 sederem,
527 2102 572 2136 te
607 2098 899 2150 amplecterer,
947 2103 989 2137 te
1034 2100 1288 2151 attingerem.
1317 2120 1375 2130 —-

2 2152 147 2205 ,naec
183 2154 329 2206 igitur,
368 2166 393 2193 o
433 2154 623 2206 Theage,
666 2156 768 2194 ratio
808 2160 873 2195 est
919 2169 1036 2195 meae
1073 2156 1376 2198 consuetudinis

2 2215 3 2245 ἒ
34 2224 83 2251 ac
117 2211 365 2264 disciplinae.
431 2211 584 2262 Quodsi
611 2213 734 2264 igitur
758 2213 835 2252 deo
866 2213 1083 2264 placuerit,
1114 2214 1258 2254 evades
1288 2227 1376 2254 me-

0 2255 8 2306 l
35 2268 131 2316 lion
171 2269 233 2308 sin
270 2269 424 2315 minus,
461 2269 561 2308 nihil
597 2270 801 2321 proficies.
871 2271 976 2311 Vide
1015 2283 1137 2323 ergo,
1167 2284 1219 2311 ne
1248 2272 1377 2312 tutius

0 2315 9 2378 ξ
35 2337 173 2366 eorum
202 2330 371 2378 appetas
395 2326 689 2366 institutionem
712 2332 754 2368 et
767 2328 1031 2380 disciplinam,
1062 2341 1232 2380 quorum
1249 2342 1376 2382 opera

0 2379 18 2427 ¹,
36 2394 115 2423 non
144 2382 266 2421 habet
294 2388 374 2422 tam
405 2383 602 2422 incertum
632 2389 817 2425 eventum
847 2390 983 2438 atque*
998 2386 1191 2429 fructum.

0 2430 8 2478 l
149 2439 232 2478 Sed
259 2439 449 2491 Theages
477 2440 553 2479 hac
582 2440 762 2481 Socratis
791 2444 973 2482 oratione
1008 2444 1171 2483 minime
1201 2442 1377 2482 deterri-

0 2492 4 2533 !
41 2498 108 2535 tus
143 2495 184 2535 in
219 2497 386 2536 consilio
421 2510 496 2537 suo
534 2503 794 2549 perseverat,
831 2505 1100 2551 experturus,
1133 2505 1267 2541 utrum
1296 2500 1377 2551 ipsi

0 2545 8 2600 l
41 2551 290 2593 daemonium
306 2555 360 2594 sit
377 2555 678 2596 adversaturum
693 2569 831 2597 necne.
887 2557 931 2599 P.
956 2558 1051 2597 129.
1079 2557 1308 2600 D.—-1:31.
1327 2556 1377 2598 A.

0 2601 7 2658 ῗ
150 2608 375 2651 Retulimus
414 2614 642 2653 summatim
686 2614 781 2653 libri
821 2620 1111 2668 argumentum.
1185 2614 1377 2664 Sequitur

0 2659 7 2725 f
37 2668 85 2708 ut
115 2671 211 2708 ante
259 2670 392 2711 omnia
429 2670 783 2713 demonstrandum
828 2673 884 2714 sit
925 2685 1124 2714 summum
1163 2671 1378 2723 scriptoris
