1624 2904
279 189 336 230 44
735 190 1136 244 Disru'rA‘rio

280 303 496 342 Praeterea
529 303 625 341 illud
668 314 822 352 quoque
851 303 963 341 valde
993 307 1055 341 est
1083 305 1270 354 populare
1300 309 1341 344 et
1368 307 1593 355 humanum,

280 359 384 408 quod
427 359 592 397 sublatis
628 371 758 396 rerum
797 360 1117 397 attributionihus
1147 373 1222 398 non
1252 362 1368 400 modo
1397 363 1493 400 alios
1522 377 1592 401 re-

281 415 444 461 fellitis,
480 415 552 452 sed
577 419 707 452 vestra
735 416 906 463 ipsorum
945 428 1010 452 ora
1041 417 1150 464 quasi
1179 418 1379 456 consuitis.
1439 419 1593 470 Nempe

280 471 334 507 ita
362 482 456 508 sane
483 471 589 508 nullo
619 471 777 520 negotio
810 471 964 508 tollitur
990 472 1150 518 invidia,
1191 485 1302 521 quam
1332 477 1464 512 vestra
1498 487 1591 524 pro-

279 525 405 564 fessio
444 526 562 564 facile
596 527 723 577 possit
763 527 944 566 excitare.
1012 527 1189 576 Denique
1237 530 1445 568 artificium
1486 530 1594 569 istud

280 582 377 619 adeo
407 594 429 619 a
457 583 565 621 vobis
590 582 810 626 subtiliter..
842 584 939 620 adeo
970 583 1185 632 prudenter
1215 589 1332 633 atquc
1361 586 1500 623 callide
1525 600 1592 624 ex-

268 638 492 688 cogitatum
534 643 618 684 est,
659 643 702 675 ut
740 639 863 686 quivis
894 639 991 675 alius
1021 639 1122 676 idem
1154 640 1249 676 illud
1280 643 1332 678 sit.
1365 643 1594 680 brevissimo

278 695 469 744 temporis
500 696 629 744 spatio
660 698 934 743 percepturus,
965 695 1079 732 sicuti
1110 696 1171 732 vel
1201 696 1380 746 Ctesippi
1411 699 1590 748 exemplo

276 750 524 799 perspicitur.
593 749 742 798 Quodsi
780 749 899 798 igitur
935 762 997 786 me
1035 751 1196 797 auditis„
1227 752 1347 790 nolite
1376 753 1471 791 illud
1500 767 1594 793 sae-

276 806 362 856 pius
401 818 531 843 coram
562 806 694 842 multis
725 808 948 850 ostentare,
987 818 1036 842 ne
1075 807 1112 843 ei
1141 808 1255 845 citius
1286 810 1410 847 omnis
1441 811 1594 849 novita-

275 862 328 899 tis
366 862 493 911 gratia
531 862 754 906 auferatur3
795 861 865 897 sed
896 862 1029 910 paucis
1059 865 1231 908 tantum,
1262 865 1328 912 qui
1356 866 1465 903 vobis
1495 878 1592 915 per-

275 917 431 955 solvant
472 917 728 955 institutionis
774 917 1020 964 mercedem,
1066 917 1321 967 impertiatis,
1366 932 1413 958 ea
1460 925 1593 961 tamen

276 973 520 1019 conditione,
559 978 603 1010 ut
638 972 685 1009 ab
723 972 784 1009 his
824 984 982 1021 quoque
1021 985 1134 1021 quam
1174 973 1338 1013 maxime
1367 977 1521 1015 celetur
1549 981 1592 1017 et

275 1029 548 1067 abscondatur.
616 1028 736 1077 Nam,
777 1027 892 1065 sicuti
924 1033 986 1066 est
1014 1029 1052 1066 in
1083 1031 1312 1079 proverbio,
1349 1034 1591 1074 rarissimum

277 1085 460 1135 quodque
489 1085 734 1122 carissimum
764 1096 854 1122 esse
883 1084 989 1122 solet
1007 1081 1062 1137 ²⁴¹).

337 1204 339 1206 ·
386 1185 496 1223 naec
533 1185 653 1235 igitur
689 1186 895 1231 Socrates„
935 1185 1074 1234 quibus
1103 1186 1233 1224 verbis
1262 1198 1470 1236 sanequam
1500 1201 1590 1238 gra-

273 1242 386 1279 vibus
418 1246 460 1279 et
497 1243 651 1280 acerbis
680 1241 940 1292 philosophus
969 1245 1106 1278 noster
1147 1242 1237 1290 quid
1279 1243 1328 1280 de
1357 1243 1433 1281 hoc
1463 1245 1590 1284 ‹lisse-

274 1297 388 1336 rendi
405 1310 553 1348 genere
571 1302 679 1335 essct
698 1297 944 1335 indicandum
981 1302 1059 1334 tam
1077 1303 1214 1346 aperte
1231 1303 1273 1335 et
1291 1301 1496 1349 perspicue
1514 1301 1589 1341 ‹le-

275 1353 463 1399 claravit,
500 1358 544 1391 ut
570 1366 756 1402 quorsum
786 1358 872 1391 tota
907 1353 1007 1391 haec
1036 1354 1231 1403 pertineat
1259 1353 1492 1406 disputatio,
1519 1368 1590 1396 ne-

274 1410 368 1448 mini
397 1409 555 1447 dubium
589 1410 708 1447 videri
738 1413 867 1458 queat.

383 1509 440 1547 Et
467 1510 656 1548 hactenus
686 1509 842 1558 quidem
872 1509 967 1546 illud
995 1509 1241 1559 potissimum
1261 1509 1436 1549 videmus
1458 1512 1591 1561 egisse

274 1563 507 1612 Platonem,
547 1571 591 1603 ut
630 1569 813 1614 quantum
857 1564 1058 1602 Socratica
1086 1565 1290 1602 dialectica
1317 1566 1365 1604 ab
1394 1567 1496 1606 inani
1523 1581 1587 1606 ar-

274 1622 435 1672 gutandi
464 1621 746 1659 consuetudine
774 1621 865 1658 huic
895 1621 1159 1671 sophistarum
1175 1622 1311 1670 generi
1331 1624 1489 1673 propria
1516 1636 1587 1662 re-

273 1678 458 1725 cederet,
497 1682 539 1716 et
576 1677 772 1727 quomodo
814 1676 999 1715 Socrates
1028 1677 1116 1726 ipse
1143 1689 1229 1714 cum
1261 1678 1481 1717 istiusmodi
1507 1679 1589 1718 ho·-

271 1734 542 1772 muncionihus
571 1733 770 1782 disputare
802 1734 1092 1779 consuevisset,
1128 1745 1240 1781 quam
1271 1733 1488 1772 clarissime
1515 1747 1588 1774 ex-

271 1794 500 1840 poneretur.
557 1789 743 1838 Sequitur
772 1793 816 1826 ut
843 1788 891 1825 de
920 1794 1120 1839 postrema
1144 1790 1336 1827 sermonis
1373 1795 1486 1840 parte
1514 1803 1587 1830 ex-

272 1846 493 1896 plicandum
533 1846 608 1891 sit,
647 1845 756 1882 cuius
797 1849 911 1882 antea
949 1845 1248 1894 significavimus
1284 1858 1307 1882 a
1334 1847 1426 1884 viris
1455 1846 1586 1887 doctis

272 1903 397 1940 minus
432 1901 660 1951 diligentem
698 1901 888 1937 rationem
928 1913 1018 1938 esse
1045 1900 1241 1947 habitam3
1270 1912 1346 1950 quo
1375 1902 1463 1952 ipso
1492 1915 1584 1941 eve-

270 1959 350 2004 nit,
382 1961 425 1995 ut
461 1957 512 1994 de
547 1957 751 1994 universae
786 1957 1009 2006 scriptionis
1048 1960 1280 2006 argumento
1309 1961 1350 1995 et
1378 1960 1584 2009 proposito

269 2015 395 2052 minus
427 2014 714 2062 circumspecte
742 2012 970 2050 iudicarent.
1036 2012 1194 2050 Etenim
1224 2023 1301 2051 non
1328 2013 1407 2052 hoc
1431 2018 1583 2055 tantum

269 2070 464 2120 spectavit
491 2068 771 2120 philosophus,
801 2075 843 2105 ut
871 2068 1096 2106 Socraticae
1124 2068 1351 2118 disciplinae
1377 2082 1401 2108 a
1427 2071 1584 2110 ratione

269 2127 517 2164 eristicorum
557 2124 817 2162 differentiam
855 2124 1073 2162 illustraret
1111 2129 1154 2162 et
1190 2124 1461 2174 patefaceret,
1506 2126 1579 2166 sed

266 2181 363 2220 illud
392 2182 507 2219 etiam
538 2181 575 2218 ei
602 2180 680 2219 fuit
707 2180 974 2229 propositum,
1017 2185 1061 2218 ut
1088 2179 1375 2231 philosophiam
1405 2181 1580 2222 Socrati-

266 2250 351 2276 cam
380 2242 500 2286 atque
528 2237 654 2286 ipsum
682 2236 780 2273 adeo
811 2235 1015 2274 Socratem
1044 2237 1092 2273 ab
1123 2248 1256 2274 eorum
1284 2236 1425 2275 invidia
1451 2237 1579 2277 vindi-

265 2297 395 2341 caret,
424 2293 490 2342 qui
520 2305 607 2330 eam
635 2292 698 2329 iel
727 2293 940 2330 temerario
969 2293 1110 2330 mentis
1151 2292 1295 2330 iudicio
1323 2292 1385 2330 vel
1413 2293 1582 2343 invidiae

264 2349 509 2400 malignitate
535 2348 643 2386 ducti
671 2347 912 2385 misellorum
940 2348 1204 2397 sophistarum
1232 2349 1344 2398 gregi
1380 2340 1578 2388 adiunxis-
1623 2372 1624 2376 =

265 2409 357 2444 sent
391 2408 433 2443 et
473 2405 690 2442 universam
729 2403 941 2452 sapientiae
979 2404 1219 2455 disciplinam
1258 2404 1390 2442 multis
1437 2417 1577 2456 suspe-
1621 2435 1624 2465 3

263 2465 367 2500 ctam
395 2460 673 2498 reddidissent.
729 2459 841 2508 Quod
879 2460 1075 2508 quomodo
1112 2461 1159 2497 ab
1197 2471 1245 2496 eo
1276 2459 1498 2502 institutum
1525 2462 1624 2524 sit

263 2521 308 2557 et
335 2515 583 2590 perfectum,
611 2527 686 2567 age
713 2527 814 2554 nunc
841 2517 975 2567 paucis
1004 2516 1262 2569 dispiciamus.

331 2710 368 2754 ⁸)
392 2715 507 2752 unque
530 2714 572 2745 ad
595 2723 629 2752 p.
654 2715 730 2746 304.
757 2714 796 2747 Β.
