1624 2904
249 128 336 170 138
696 128 1111 172 PROLEGOMENA
1176 179 1181 188 k

252 240 519 292 impugnatam
548 252 640 281 esse
667 244 844 291 constat,
870 242 1076 295 pertinere
1103 242 1331 292 videantur,
1366 243 1406 282 in
1444 255 1567 295 pecu-

254 298 343 336 liari
380 296 506 335 libelli
541 297 715 338 editione
751 302 832 336 tam
870 300 1033 350 copiose
1073 300 1310 350 explicatum
1347 304 1432 347 est,
1469 299 1568 342 nihil

255 357 301 391 ut
329 364 431 390 nunc
470 351 521 391 de
556 366 603 393 ea
639 367 685 394 re
717 353 936 393 addendum
969 355 1251 398 existimemus.
1313 355 1454 406 Neque
1481 356 1570 406 ipsa

257 408 432 458 consilii,
470 409 574 459 quod
611 409 728 449 Plato
768 416 930 451 secutus
968 415 1053 459 est,
1092 411 1377 451 demonstratio
1415 411 1570 462 longio-

257 477 343 503 rem
390 465 556 515 requirit
603 467 835 507 orationem.
918 466 1085 505 Etiamsi
1142 469 1245 507 enim
1302 467 1395 505 viris
1442 467 1571 505 doctis

256 532 336 559 non
364 520 415 561 de
443 532 492 559 eo
520 523 761 566 convenerit,
790 522 881 572 quid
900 522 1014 561 Plato
1043 523 1117 561 hac
1145 536 1216 562 sua
1246 523 1462 574 scriptione
1490 536 1569 561 mar

257 577 363 625 xime
398 579 684 627 spectavisset,
724 581 857 616 tamen
895 579 961 628 qui
992 582 1118 617 artem
1147 579 1379 630 philosophi
1408 590 1456 616 ex
1486 578 1574 616 aliis

259 632 345 671 elus
374 633 562 684 operibus
593 633 808 672 consimilis
837 636 1056 685 argumenti
1087 636 1282 687 cognitam
1302 638 1577 686 perspectam-

259 699 338 737 que
374 687 611 737 habuerint,
651 690 680 728 ii
718 695 831 728 certe
871 690 963 740 quid
999 690 1074 729 hac
1110 692 1150 731 in
1179 704 1227 732 re
1255 704 1330 744 pro
1355 702 1451 730 vero
1481 701 1577 742 pro-

258 742 428 784 bandum
455 745 530 795 sit,
558 757 638 785 non
665 745 832 784 multum
858 745 1104 789 laborabunt.

373 855 488 906 Quod
542 856 647 896 enim
673 888 675 890 .
698 855 814 895 Plato
869 857 909 896 in
956 857 1043 896 aliis
1091 856 1372 907 scriptionibus
1426 854 1579 895 facien-

261 908 354 950 dum
391 912 566 964 putavit,
603 917 648 951 ut
685 914 751 951 uni
790 911 946 952 Socrati
974 914 1142 952 maxime
1173 913 1330 951 virtutis
1361 912 1582 960 scientiam,

263 967 342 1006 hoc
378 972 444 1012 est
480 973 632 1008 certam
672 968 996 1020 exploratamque
1033 970 1136 1008 recti
1172 972 1214 1007 et
1251 968 1412 1006 honesti
1445 969 1584 1018 cogni-

263 1023 414 1065 tionem
451 1036 540 1065 cum
577 1026 768 1063 interiore
799 1025 962 1074 quadam
992 1025 1110 1063 animi
1138 1024 1394 1075 persuasione
1423 1025 1584 1062 coniun-

263 1082 393 1127 ctam,
435 1080 674 1128 vindicaret,
713 1085 937 1119 ceterorum
980 1085 1111 1119 autem
1141 1080 1359 1131 aequalium
1388 1080 1583 1118 inscitiam

264 1140 308 1173 et
333 1137 543 1175 vanitatem
570 1141 759 1187 argueret
788 1141 830 1174 et
862 1137 1090 1187 castigaret,
1117 1136 1222 1175 idem
1251 1136 1289 1174 in
1315 1135 1584 1187 Euthyphro-

264 1202 317 1230 ne
352 1203 510 1242 quoque
547 1192 586 1230 ei
623 1191 702 1231 fuit
740 1193 1017 1243 propositum,
1042 1193 1118 1243 qui
1155 1192 1258 1230 liber
1286 1191 1377 1230 fere
1405 1196 1515 1230 totus
1543 1191 1584 1230 in

266 1258 317 1285 eo
355 1252 560 1296 versatur,
598 1251 644 1286 ut
680 1249 862 1299 exemplo
900 1248 1203 1300 Euthyphronis
1240 1249 1365 1295 vatis,
1405 1248 1471 1298 qui
1509 1247 1584 1286 sibi

265 1291 410 1353 insigni
448 1315 583 1342 rerum
619 1303 834 1342 divinarum
865 1305 1030 1343 scientia
1065 1303 1221 1355 pollere
1255 1304 1484 1352 videbatur,
1521 1303 1584 1341 lu-

266 1357 465 1398 ouleutius
508 1357 826 1408 demonstretur,
865 1352 930 1398 vel
969 1372 1039 1398 eos
1068 1362 1175 1398 inter
1202 1359 1489 1407 Athenienses,
1518 1359 1585 1425 qui

266 1426 315 1454 ae
349 1413 389 1454 in
425 1414 564 1454 divinis
599 1416 719 1454 rebus
749 1416 960 1467 plurimum
989 1428 1133 1467 sapere
1160 1416 1336 1463 vellent,
1355 1427 1471 1464 verae
1498 1416 1584 1466 pie-

267 1470 364 1510 tatis
392 1471 573 1510 notitiam
601 1471 751 1511 habere
778 1472 939 1519 nullam,
967 1474 1048 1511 imo
1077 1472 1207 1519 illam,
1237 1472 1385 1522 quippe
1413 1471 1584 1522 vulgaris

267 1526 566 1577 superstitionis
603 1530 791 1575 tenaces,
829 1540 876 1566 ex
905 1529 953 1566 iis
993 1529 1114 1567 rebus
1152 1540 1383 1580 suspensam
1430 1531 1586 1577 putare,

267 1582 374 1621 unde
403 1583 488 1622 sine
524 1582 747 1622 honestatis
777 1583 1006 1625 discrimine
1032 1595 1224 1634 suspensa
1262 1595 1354 1621 esse
1381 1593 1458 1620 non
1486 1594 1587 1632 pos-

270 1639 348 1686 sit;
378 1636 586 1678 Socratem
615 1644 747 1679 autem
775 1643 959 1689 tanquam
988 1651 1215 1691 germanum
1231 1638 1514 1688 philosophum
1543 1641 1587 1676 et

267 1705 408 1732 causas
445 1694 616 1746 vulgaris
660 1696 776 1734 istius
825 1695 972 1733 erroris
1011 1698 1248 1746 perspectas
1283 1694 1498 1742 habuisse,
1546 1697 1588 1732 et

267 1749 392 1797 viam,
423 1762 499 1801 qua
524 1749 574 1788 ad
601 1761 718 1788 verae
745 1751 1085 1801 intemerataeque
1112 1749 1274 1801 pietatis
1296 1750 1476 1788 notitiam
1494 1761 1588 1799 per-

269 1805 491 1855 veniretur,
520 1805 695 1845 adhibita
722 1805 929 1845 dialectica
957 1812 1139 1857 tanquam
1167 1806 1390 1844 certissima
1418 1805 1518 1843 duce
1535 1808 1588 1844 *et

270 1862 482 1914 magistra,
512 1862 683 1900 omnium
713 1863 864 1913 optime
892 1861 1236 1902 demonstravisse.
1291 1861 1486 1910 Quocirca
1514 1874 1589 1911 per

270 1921 400 1956 totum
440 1917 530 1956 fere
568 1917 711 1957 librum
742 1918 924 1969 vulgares
954 1918 1003 1956 de
1033 1918 1183 1968 pietate
1212 1917 1415 1968 opiniones
1445 1917 1587 1967 explo-

270 1978 409 2012 rantur
445 1978 563 2024 atque
596 1973 847 2022 refutantur,
885 1973 1078 2024 siquidem
1117 1973 1355 2024 Euthyphro
1394 1974 1509 2011 variis
1540 1985 1585 2011 ac

267 2028 552 2081 multiplicibus
589 2030 650 2068 rei
686 2029 979 2069 definitionibus
1015 2029 1235 2081 propositis
1264 2041 1424 2079 semper
1450 2041 1586 2067 rursus
1619 2071 1624 2075 ¹

269 2084 321 2123 de
351 2098 422 2124 sua
448 2086 648 2125 sententia
676 2085 860 2124 deiicitur
888 2098 1016 2136 neque
1043 2098 1235 2136 unquam,
1272 2084 1369 2123 licet
1397 2084 1584 2123 Socrates

270 2140 378 2180 haud
403 2154 480 2180 uno
507 2141 598 2180 loco
626 2146 762 2180 rectae
793 2142 955 2180 rationis
984 2141 1238 2180 inveniendae
1261 2141 1359 2178 viam
1377 2144 1584 2188 monstret,

269 2197 319 2235 ad
346 2198 430 2236 veri
456 2198 756 2249 intelligentiam
787 2198 979 2249 pervenit.
1035 2196 1340 2248 Haudquaquam
1371 2197 1473 2235 enim
1503 2197 1585 2234 exi-

269 2254 434 2306 stimare
472 2253 567 2292 lIcet
602 2253 807 2293 Platonem
843 2255 883 2292 in
920 2254 997 2291 hoc
1035 2253 1137 2291 libro
1171 2252 1268 2291 nihil
1317 2253 1473 2290 omnino
1513 2264 1586 2290 ex-

269 2310 510 2360 promsisse,
549 2309 654 2360 quod
686 2310 735 2347 ad
765 2310 841 2348 vim
867 2314 1122 2360 naturamque
1150 2307 1311 2360 pietatis
1340 2308 1586 2358 patefacien-

271 2364 360 2403 dam
399 2365 651 2406 conduceret.
718 2365 817 2404 Nam
866 2365 963 2403 illud
1001 2364 1156 2415 quidem
1198 2363 1423 2401 ostenditur
1470 2364 1584 2401 lucu-

270 2419 405 2469 lente,
434 2421 676 2460 evellendam
705 2433 790 2460 eam
821 2434 913 2460 esse
941 2425 1058 2471 atque
1096 2419 1361 2470 explicandam
1400 2419 1447 2457 ad
1476 2431 1584 2456 com-

271 2488 429 2515 munem
468 2477 657 2528 quandam
694 2478 850 2527 generis
890 2477 1112 2523 notionem,
1149 2487 1277 2525 neque
1319 2487 1367 2513 ex
1419 2475 1586 2513 fortuita

274 2532 439 2584 quadam
472 2546 519 2571 re
555 2533 618 2571 vel
653 2534 821 2582 effectu,
854 2533 976 2570 veluti
1004 2532 1166 2570 deornm
1195 2532 1382 2579 caritate,
1412 2531 1482 2569 sed
1510 2543 1585 2580 per

274 2600 321 2627 se
350 2589 512 2628 iudicari
539 2593 753 2639 oportere:
782 2601 1026 2628 communem
1054 2591 1184 2625 autem
1214 2588 1412 2626 notionem
1430 2588 1484 2625 ita
1512 2586 1583 2623 do-

274 2648 390 2684 cetur
427 2645 590 2684 inveniri
636 2657 778 2696 posse,
825 2645 858 2684 si
895 2645 1026 2695 pietas
1061 2644 1213 2683 dicatur
1247 2655 1338 2682 esse
1366 2644 1437 2683 sub
1466 2642 1584 2680 iusti-
